@book{talbert:1992,
  author = {Talbert, Charles H.},
  title = {Reading John},
  subtitle = {A Literary and Theological Commentary on the Fourth Gospel and the Johannine Epistles},
  location = {New York},
  publisher = {Crossroad},
  date = {1992}
}

@book{robinson+koester:1971,
  author = {Robinson, James M. and Koester, Helmut},
  title = {Trajectories through Early Christianity},
  location = {Philadelphia},
  publisher = {Fortress},
  date = {1971}
}

@book{scott+etal:1993,
  author = {Scott, Bernard Brandon and Dean, Margaret and Sparks, Kristen and LaZar, Frances},
  title = {Reading New Testament Greek},
  location = {Peabody, MA},
  publisher = {Hendrickson},
  date = {1993}
}

@book{egger:1996,
  author = {Egger, Wilhelm},
  title = {How to Read the New Testament},
  subtitle = {An Introduction to Linguistic and Historical-Critical Methodology},
  shorttitle = {How to Read},
  translator = {Heinegg, Peter},
  location = {Peabody, MA},
  publisher = {Hendrickson},
  date = {1996}
}

@book{wellhausen:1883,
  author = {Wellhausen, Julius},
  title = {Prolegomena zur Geschichte Israels},
  edition = {2},
  location = {Berlin},
  publisher = {Reimer},
  date = {1883},
  langid = {german}
}

@book{wellhausen:1885,
  author = {Wellhausen, Julius},
  title = {Prolegomena to the History of Israel},
  translator = {Black, J. Sutherland and Enzies, A.},
  preface = {Smith, W. Robertson},
  location = {Edinburgh},
  publisher = {Black},
  related = {wellhausen:1883},
  relatedtype = {translationof},
  date = {1885}
}

@book{wellhausen:1957,
  author = {Wellhausen, Julius},
  title = {Prolegomena to the History of Ancient Israel},
  location = {New York},
  publisher = {Meridian Books},
  related = {wellhausen:1885},
  relatedtype = {reprintof},
  date = {1957}
}

@book{tigay:1985,
  editor = {Tigay, Jeffrey H.},
  title = {Empirical Models for Biblical Criticism},
  shorttitle = {Empiracle Models},
  location = {Philadelphia},
  publisher = {University of Pennsylvania Press},
  date = {1985}
}

@book{kaltner+mckenzie:2002,
  editor = {Kaltner, John and McKenzie, Steven L.},
  title = {Beyond Babel},
  subtitle = {A Handbook for Biblical Hebrew and Related Languages},
  series = {Resources for Biblical Study},
  shortseries = {RBS},
  number = {42},
  location = {Atlanta},
  publisher = {Society of Biblical Literature},
  date = {2002}
}

@book{oates+etal:2001,
  editor = {Oates, John F. and Willis, William H. and Bagnall, Roger S. and Worp, Klass A.},
  title = {Checklist of Editions of Greek and Latin Papyri, Ostraca, and Tablets},
  edition = {5},
  series = {Bulletin of the American Society of Papyrologists, Supplements},
  shortseries = {BASPSup},
  number = {9},
  location = {Oakville, CT},
  publisher = {American Society of Papyrologists},
  date = {2001}
}

@book{schillebeeckx:1986,
  author = {Schillebeeckx, Edward},
  title = {The Schillebeeckx Reader},
  editor = {Schreiter, Robert J.},
  location = {Edinburgh},
  publisher = {T\&T Clark},
  date = {1986}
}

@book{blass+debrunner:1982,
  author = {Blass, Friedrich and Debrunner, Albert},
  title = {Grammatica del greco del Nuovo Testamento},
  editor = {Rehkopf, Friedrich},
  translator = {Pisi, Giordana},
  location = {Brescia},
  publisher = {Paideia},
  date = {1982},
  langid = {italian}
}

@article{irvine:2014,
  author = {Irvine, Stuart A.},
  title = {Idols \mkbibbrackets{\mkbibemph{ktbwnm}}},
  subtitle = {A Note on Hosea 13:2a},
  journaltitle = {Journal of Biblical Literature},
  shortjournal = {JBL},
  volume = {133},
  date = {2014},
  pages = {509-517}
}

@collection{kraft+nickelsburg:1986,
  editor = {Kraft, Robert A. and Nickelsburg, George W. E.},
  title = {Early Judaism and Its Modern Interpreters},
  shorttitle = {Early Judaism},
  location = {Philadelphia and Atlanta},
  publisher = {Fortress and Scholars Press},
  date = {1986}
}

@incollection{attridge:1986,
  author = {Attridge, Harold W.},
  title = {Jewish Historiography},
  pages = {311-343},
  crossref = {kraft+nickelsburg:1986}
}

@incollection{collins:1986,
  author = {Collins, John J.},
  title = {The Testamentary Literature in Recent Scholarship},
  pages = {268-286},
  crossref = {kraft+nickelsburg:1986}
}

@book{younger:2016,
  author = {Younger, Jr., K. Lawson},
  title = {A Political History of the Arameans},
  subtitle = {From Their Origins to the End of Their Polities},
  series = {Archaeology and Biblical Studies},
  shortseries = {ABS},
  number = {13},
  location = {Atlanta},
  publisher = {SBL Press},
  date = {2016}
}

@inbook{younger:origins:2016,
  author = {Younger, Jr., K. Lawson},
  title = {The Origins of the Arameans},
  pages = {35-107},
  crossref = {younger:2016}
}

@book{matassa:2018,
  author = {Matassa, Lidia D.},
  title = {Invention of the First-Century Synagogue},
  editor = {Silverman, Jason M. and Watson, J. Murray},
  series = {Ancient Near East Monographs},
  shortseries = {ANEM},
  number = {22},
  location = {Atlanta},
  publisher = {SBL Press},
  date = {2018}
}

@inbook{matassa:delos:2018,
  author = {Matassa, Lidia D.},
  title = {Delos},
  pages = {37-77},
  crossref = {matassa:2018}
}

@collection{purdue:2001,
  editor = {Perdue, Leo G.},
  title = {The Blackwell Companion to the Hebrew Bible},
  location = {Oxford},
  publisher = {Blackwell},
  date = {2001}
}

@incollection{meyers:2001,
  author = {Meyers, Carol},
  title = {Early Israel and the Rise of the Israelite Monarchy},
  pages = {61-86},
  crossref = {purdue:2001}
}

@collection{rogerson+lieu:2006,
  editor = {Rogerson, J. W. and Lieu, Judith M.},
  title = {The Oxford Handbook of Biblical Studies},
  location = {Oxford},
  publisher = {Oxford University Press},
  date = {2006}
}

@incollection{dell:2006,
  author = {Dell, Katharine J.},
  title = {Wisdom},
  pages = {409-419},
  crossref = {rogerson+lieu:2006}
}

@incollection{davies:2006,
  author = {Davies, Philip},
  title = {Qumran Studies},
  pages = {99-107},
  crossref = {rogerson+lieu:2006}
}

@xdata{CAH,
  series = {Cambridge Ancient History},
  shortseries = {CAH},
  location = {Cambridge},
  publisher = {Cambridge University Press}
}

@collection{CAH1,
  editor = {Bury, J. B. and Cook, S. A. and Adcock, F. E.},
  title = {Egypt and Babylonia to 1580 B.C.\isdot},
  xdata = {CAH},
  number = {1},
  date = {1923}
}

@collection{CAH1.2,
  editor = {Edwards, I. E. S. and Gadd, C. J. and Hammond, N. G. L.},
  title = {Early History of the Middle East},
  edition = {3},
  xdata = {CAH},
  number = {1.2},
  date = {1971}
}

@collection{CAH3,
  editor = {Bury, J. B. and Cook, S. A. and Adcock, F. E.},
  title = {The Assyrian Empire},
  xdata = {CAH},
  number = {3},
  date = {1925}
}

@collection{CAH3.2,
  editor = {Boardman, John and Edwards, I. E. S. and Sollberger, E. and Hammond, N. G. L.},
  title = {The Assyrian and Babylonian Empires and Other States of the Near East, from the Eighth to the Sixth Centuries B.C.\isdot},
  shorttitle = {Assyrian and Babylonian Empires},
  edition = {2},
  xdata = {CAH},
  number = {3.2},
  date = {1991}
}

@collection{CAH14,
  editor = {Cameron, Averil and Ward-Perkins, Bryan and Whitby, Michael},
  title = {Late Antiquity},
  subtitle = {Empire and Successors, A.D. 425--600},
  xdata = {CAH},
  number = {14},
  date = {2000}
}

@incollection{smith:1925,
  author = {Smith, Sidney},
  title = {Sennacherib and Esarhaddon},
  pages = {61-70},
  crossref = {CAH3}
}

@incollection{hogarth:1925,
  author = {Hogarth, D. G.},
  title = {The Hittites of Assyria},
  pages = {138-141},
  crossref = {CAH3}
}

@incollection{grayson:1991,
  author = {Grayson, A. K.},
  title = {Assyria},
  subtitle = {Sennacherib and Esarhaddon (704--669 B.C.)},
  pages = {103-105},
  crossref = {CAH3.2}
}

@incollection{oates:1991,
  author = {Oates, Joan},
  title = {The Fall of Assyria (635--609 B.C.)},
  pages = {189-193},
  crossref = {CAH3.2}
}

@incollection{langdon:1923,
  author = {Langdon, Stephen H.},
  title = {Early Babylonia and Its Cities},
  pages = {264-372},
  crossref = {CAH1}
}

@incollection{cook:1923,
  author = {Cook, S. A.},
  title = {The Semites},
  pages = {186-189},
  crossref = {CAH1}
}

@incollection{gadd:1971,
  author = {Gadd, C. J.},
  title = {Babylonia c.~2100--1800 B.C\adddot},
  pages = {617-620},
  crossref = {CAH1.2}
}

@incollection{vaux:1971,
  author = {Vaux, Roland de},
  title = {Palestine in the Early Bronze Age},
  pages = {214-218},
  crossref = {CAH1.2}
}

@incollection{liebs:2000,
  author = {Liebs, Detlef},
  title = {Roman Law},
  pages = {242-244},
  crossref = {CAH14}
}

@incollection{cameron:2000,
  author = {Cameron, Averil},
  title = {Justin I and Justinian},
  pages = {79-82},
  crossref = {CAH14}
}

@xdata{CHJ,
  series = {Cambridge History of Judaism},
  shortseries = {CHJ},
  location = {Cambridge},
  publisher = {Cambridge University Press},
}

@collection{CHJ1,
  editor = {Davies, W. D. and Finkelstein, Louis},
  title = {Introduction},
  subtitle = {The Persian Period},
  shorttitle = {Introduction: The Persian Period},
  xdata = {CHJ},
  number = {1},
  date = {1984}
}

@collection{CHJ2,
  editor = {Davies, W. D. and Finkelstein, Louis},
  title = {The Hellenistic Age},
  xdata = {CHJ},
  number = {2},
  date = {1989}
}

@collection{CHJ3,
  editor = {Horbury, William and Davies, W. D. and Sturdy, John},
  title = {The Early Roman Period},
  number = {3},
  xdata = {CHJ},
  date = {1999}
}

@collection{CHJ4,
  editor = {Katz, Steven T.},
  title = {The Late Roman-Rabbinic Period},
  xdata = {CHJ},
  number = {4},
  date = {2006}
}

@collection{CHJ5,
  editor = {Lieberman, Phillip I.},
  title = {Jews in the Medieval Islamic World, The Islamic World},
  xdata = {CHJ},
  number = {5},
  date = {2021}
}

@collection{CHJ6,
  editor = {Chazan, Robert},
  title = {The Middle Ages: The Christian World, The Christian World},
  xdata = {CHJ},
  number = {6},
  date = {2018}
}

@collection{CHJ7,
  editor = {Karp, Jonathan and Sutcliffe, Adam},
  title = {The Early Modern World, 1500–1815},
  xdata = {CHJ},
  number = {7},
  date = {2017}
}

@collection{CHJ8,
  editor = {Hart, Mitchell B. and Michels, Tony},
  title = {The Modern World, 1815–2000},
  xdata = {CHJ},
  number = {8},
  date = {2017}
}

@incollection{stern:1984,
  author = {Stern, Ephraim},
  title = {The Archeology of Persian Palestine},
  pages = {90-93},
  crossref = {CHJ1}
}

@incollection{boyce:1984,
  author = {Boyce, Mary},
  title = {Persian Religion in the Achemenid Age},
  pages = {283-284},
  crossref = {CHJ1}
}

@incollection{smallwood:1999,
  author = {Smallwood, E. Mary},
  title = {The Diaspora in the Roman Period before CE 70},
  pages = {172-177},
  crossref = {CHJ3}
}

@incollection{bahat:1999,
  author = {Bahat, Dan},
  title = {The Herodian Temple},
  pages = {38-58},
  crossref = {CHJ3}
}

@collection{CHC1,
 editor = {Mitchell, Margaret M. and Young, Frances M.},
 title = {Origins to Constantine},
 series = {Cambridge History of Christianity},
 shortseries = {CHC},
 number = {1},
 location = {Cambridge},
 publisher = {Cambridge University Press},
 date = {2006}
}

@collection{CHC2,
 editor = {Casiday, Augustine and Norris, Frederick W.},
 title = {Constantine to c.~600},
 series = {Cambridge History of Christianity},
 shortseries = {CHC},
 number = {2},
 location = {Cambridge},
 publisher = {Cambridge University Press},
 date = {2007}
}

@incollection{marcus:2006,
  author = {Marcus, Joel},
  title = {Jewish Christianity},
  pages = {87-102},
  crossref = {CHC1}
}

@incollection{freyne:2006,
  author = {Freyne, Sean},
  title = {Galilee and Judaea in the First Century},
  pages = {37-52},
  crossref = {CHC1}
}

@incollection{vandam:2007,
  author = {Van Dam, Raymond},
  title = {Bishops and Society},
  pages = {343-366},
  crossref = {CHC2}
}

@incollection{lohr:2007,
  author = {Löhr, Winrich},
  title = {Western Christanities},
  pages = {9-51},
  crossref = {CHC2}
}

@incollection{vanseters:1995,
  author = {Van Seters, John},
  title = {The Theology of the Yahwist},
  subtitle = {A Preliminary Sketch},
  pages = {219-228},
  booktitle = {“Wer ist wie du, Herr, unter den Göttern?”},
  booksubtitle = {Studien zur Theologie und Religionsgeschichte Israels für Otto Kaiser zum 70\adddotspace Geburtstag},
  editor = {Kottsieper, Ingo and others},
  location = {Göttingen},
  publisher = {Vandenhoeck \& Ruprecht},
  date = {1995}
}

@suppbook{boers:1996,
  author = {Boers, Hendrikus},
  title = {introduction},
  booktitle = {How to Read the New Testament},
  booksubtitle = {An Introduction to Linguistic and Historical-Critical Methodology},
  bookauthor = {Egger, Wilhelm},
  translator = {Heinegg, Peter},
  location = {Peabody, MA},
  publisher = {Hendrickson},
  date = {1996}
}

@book{gerhardsson:1961,
  author = {Gerhardsson, Birger},
  title = {Memory and Manuscript},
  subtitle = {Oral Tradition and Written Transmission in Rabbinic Judaism and Early Christianity},
  series = {Acta Seminarii Neotestamentici Upsaliensis},
  shortseries = {ASNU},
  number = {22},
  location = {Lund and Copenhagen},
  publisher = {Gleerup and Munksgaard},
  date = {1961}
}

@book{evans:2004,
  editor = {Evans, Craig A.},
  title = {Of Scribes and Sages},
  subtitle = {Early Jewish Interpretation and Transmission of Scripture},
  volumes = {2},
  note = {\citeseries{LSTS} 50--51\multiseriesdelim\citeseries{SSEJC} 9--10},
  location = {Edinburgh},
  publisher = {T\&T Clark},
  date = {2004}
}

@series{LSTS,
  series = {Library of Second Temple Studies},
  shortseries = {LSTS},
  options = {skipbib}
}

@series{SSEJC,
  series = {Studies in Scripture in Early Judaism and Christianity},
  shortseries = {SSEJC},
  options = {skipbib}
}

@book{pritchard:1969,
  editor = {Pritchard, James B.},
  title = {Ancient Near Eastern Texts Relating to the Old Testament},
  edition = {3},
  location = {Princeton},
  publisher = {Princeton University Press},
  date = {1969}
}

@book{blenkinsopp:1996,
  author = {Blenkinsopp, Joseph},
  title = {A History of Prophecy in Israel},
  edition = {rev\adddotspace and enl\adddotspace ed\adddot},
  location = {Louisville},
  publisher = {Westminster John Knox},
  date = {1996}
}

@book{vanseters:1997,
  author = {Van Seters, John},
  title = {In Search of History},
  subtitle = {Historiography in the Ancient World and the Origins of Biblical History},
  origlocation = {New Haven},
  origpublisher = {Yale University Press},
  origdate = {1983},
  location = {Winona Lake, IN},
  publisher = {Eisenbrauns},
  date = {1997}
}

@book{deissmann:1995,
  author = {Deissmann, Gustav Adolf},
  title = {Light from the Ancient East},
  subtitle = {The New Testament Illustrated by Recently Discovered Texts of the Graeco-Roman World},
  translator = {Strachan, Lionel R. M.},
  origdate = {1927},
  location = {Peabody, MA},
  publisher = {Hendrickson},
  date = {1995}
}

@book{harrison+welborn:forthcoming,
  editor = {Harrison, James R. and Welborn, L. L.},
  title = {The First Urban Churches 2},
  subtitle = {Roman Corinth},
  shorttitle = {Roman Corinth},
  series = {Writings from the Greco-Roman World Supplement Series},
  shortseries = {WGRWSup},
  location = {Atlanta},
  publisher = {SBL Press},
  pubstate = {forthcoming}
}

@mvbook{harnack:1896-1905,
  author = {Harnack, Adolf},
  title = {History of Dogma},
  translator = {Buchanan, Neil},
  origlanguage = {from the 3rd German ed\adddot},
  volumes = {7},
  location = {Boston},
  publisher = {Little, Brown},
  date = {1896/1905}
}

@collection{winter+clarke:1993,
  editor = {Winter, Bruce W. and Clarke, Andrew D.},
  title = {The Book of Acts in Its Ancient Literary Setting},
  shorttitle = {Book of Acts},
  volume = {1},
  maintitle = {The Book of Acts in Its First Century Setting},
  maineditor = {Winter, Bruce W.},
  location = {Grand Rapids},
  publisher = {Eerdmans},
  date = {1993}
}

@incollection{mason:1996,
  author = {Mason, Steve},
  title = {Josephus on Canon and Scriptures},
  pages = {217-235},
  volume = {1},
  part = {1},
  maintitle = {Hebrew Bible\slash Old Testament},
  mainsubtitle = {The History of Its Interpretation},
  editor = {Sæbø, Magne},
  location = {Göttingen},
  publisher = {Vandenhoeck \& Ruprecht},
  date = {1996}
}

@incollection{peterson:1993,
  author = {Peterson, David},
  title = {The Motif of Fulfilment and the Purpose of Luke-Acts},
  shorttitle = {Motif of Fulfilment},
  pages = {83-104},
  booktitle = {The Book of Acts in Its Ancient Literary Setting},
  bookeditor = {Winter, Bruce W. and Clarke, Andrew D.},
  volume = {1},
  maintitle = {The Book of Acts in Its First Century Setting},
  editor = {Winter, Bruce W.},
  location = {Grand Rapids},
  publisher = {Eerdmans},
  date = {1993}
}

@book{hofius:1989,
  author = {Hofius, Otfried},
  title = {Paulusstudien},
  series = {Wissenschaftliche Untersuchungen zum Neuen Testament},
  shortseries = {WUNT},
  number = {51},
  location = {Tübingen},
  publisher = {Mohr Siebeck},
  date = {1989},
  langid = {german}
}

@book{jeremias:1967,
  author = {Jeremias, Joachim},
  title = {The Prayers of Jesus},
  shorttitle = {Prayers},
  series = {Studies in Biblical Theology},
  shortseries = {SBT},
  number = {2/6},
  location = {Naperville, IL},
  publisher = {Allenson},
  date = {1967}
}

@book{johnson:2018,
  editor = {Johnson, Sara R. and Dupertuis, Rubén R. and Shea, Christine},
  title = {Reading and Teaching Ancient Fiction},
  subtitle = {Jewish, Christian, and Greco-Roman Narratives},
  series = {Writings from the Greco-Roman World Supplement Series},
  shortseries = {WGRWSup},
  number = {11},
  location = {Atlanta},
  publisher = {SBL Press},
  date = {2018}
}

@commentary{salters:2010,
  author = {Salters, R. B.},
  title = {Lamentations},
  series = {International Critical Commentary},
  shortseries = {ICC},
  location = {London},
  publisher = {T\&T Clark},
  date = {2010}
}

@commentary{aune:1997,
  author = {Aune, David E.},
  title = {Revelation 1--11},
  series = {Word Biblical Commentary},
  shortseries = {WBC},
  number = {52A},
  location = {Nashville},
  publisher = {Nelson},
  date = {1997}
}

@commentary{aune:1998,
  author = {Aune, David E.},
  title = {Revelation 17--22},
  series = {Word Biblical Commentary},
  shortseries = {WBC},
  number = {52C},
  location = {Nashville},
  publisher = {Nelson},
  date = {1998}
}

@commentary{seebass:1993,
  author = {Seebass, Horst},
  title = {Numeri},
  subtitle = {Kapitel 1,1--10,10},
  shorttitle = {Numeri: 1,1--10,10},
  series = {Biblischer Kommentar, Altes Testament},
  shortseries = {BKAT},
  number = {4.1},
  location = {Neukirchen-Vluyn},
  publisher = {Neukirchener Verlag},
  date = {1993},
  langid = {german}
}

@mvcommentary{aune:1997-1998,
  author = {Aune, David E.},
  title = {Revelation},
  volumes = {3},
  series = {Word Biblical Commentary},
  shortseries = {WBC},
  number = {52A--C},
  location = {Nashville},
  publisher = {Nelson},
  date = {1997/1998}
}

@mvcommentary{seebass:1993-2007,
  author = {Seebass, Horst},
  title = {Numeri},
  volumes = {3},
  series = {Biblischer Kommentar, Altes Testament},
  shortseries = {BKAT},
  number = {4.1--3},
  location = {Neukirchen-Vluyn},
  publisher = {Neukirchener Verlag},
  date = {1993/2007},
  langid = {german}
}

@book{reventlow:2009,
  author = {Reventlow, Henning Graf},
  title = {From the Old Testament to Origen},
  volume = {1},
  maintitle = {History of Biblical Interpretation},
  translator = {Perdue, Leo G.},
  location = {Atlanta},
  publisher = {Society of Biblical Literature},
  date = {2009},
  eprint = {Nook},
  eprinttype = {ebook}
}

@book{wright:2014,
  author = {Wright, Jacob L.},
  title = {David, King of Israel, and Caleb in Biblical Memory},
  shorttitle = {David, King of Israel},
  location = {Cambridge},
  publisher = {Cambridge University Press},
  date = {2014},
  eprint = {Kindle},
  eprinttype = {ebook}
}

@book{killebrew+steiner:2014,
  editor = {Killebrew, Ann E. and Steiner, Margreet},
  title = {The Oxford Handbook of the Archaeology of the Levant},
  subtitle = {c.~8000--332 BCE},
  shorttitle = {Archaeology of the Levant},
  location = {Oxford},
  publisher = {Oxford University Press},
  date = {2014},
  doi = {10.1093/oxfordhb/9780199212972.001.0001}
}

@book{kaufman:1974,
  author = {Kaufman, Stephen},
  title = {The Akkadian Influences on Aramaic},
  series = {Assyriological Studies},
  shortseries = {AS},
  number = {19},
  location = {Chicago},
  publisher = {The Oriental Institute of the University of Chicago},
  date = {1974},
  url = {http://oi.uchicago.edu/pdf/as19.pdf}
}

@article{leyerle:1993,
  author = {Leyerle, Blake},
  title = {John Chrysostom on the Gaze},
  shorttitle = {Chrysostom},
  journaltitle = {Journal of Early Christian Studies},
  shortjournal = {JECS},
  volume = {1},
  date = {1993},
  pages = {159-174}
}

@article{wildberger:1965,
  author = {Wildberger, Hans},
  title = {Das Abbild Gottes: Gen 1:26--30},
  journaltitle = {Theologische Zeitschrift},
  shortjournal = {TZ},
  volume = {21},
  date = {1965},
  pages = {245-259, 481-501},
  langid = {german}
}

@article{wellhausen:1876-1877,
  author = {Wellhausen, Julius},
  title = {Die Composition des Hexateuchs},
  journaltitle = {Jahrbuch für deutsche Theologie},
  shortjournal = {JDT},
  related = {wellhausen:1876, wellhausen:1877},
  relatedtype = {multivolarticle},
  langid = {german}
}

@article{wellhausen:1876,
  volume = {21},
  date = {1876},
  pages = {392-450}
}

@article{wellhausen:1877,
  volume = {22},
  date = {1877},
  pages = {407-479}
}

@article{freedman:1977,
  author = {Freedman, David Noel},
  title = {Pottery, Poetry, and Prophecy},
  subtitle = {An Essay on Biblical Poetry},
  journaltitle = {Journal of Biblical Literature},
  shortjournal = {JBL},
  volume = {96},
  date = {1977},
  pages = {5-26}
}

@incollection{freedman:1980,
  author = {Freedman, David Noel},
  title = {Pottery, Poetry, and Prophecy},
  subtitle = {An Essay on Biblical Poetry},
  booktitle = {Pottery, Poetry, and Prophecy},
  booksubtitle = {Studies in Early Hebrew Poetry},
  location = {Winona Lake, IN},
  publisher = {Eisenbrauns},
  date = {1980},
  pages = {1-22}
}

@review{teeple:1966,
  author = {Teeple, Howard M.},
  revdauthor = {Robert, André and Feuillet, André},
  revdtitle = {Introduction to the New Testament},
  journaltitle = {Journal of Bible and Religion},
  shortjournal = {JBR},
  volume = {34},
  date = {1966},
  pages = {368-370}
}

@review{pelikan:1992,
  author = {Pelikan, Jaroslav},
  title = {The Things That You're Liable to Read in the Bible},
  revdeditor = {Freedman, David Noel},
  revdtitle = {The Anchor Bible Dictionary},
  journaltitle = {New York Times Review of Books},
  date = {1992-12-20},
  pages = {3}
}

@article{petersen:1988,
  author = {Petersen, David L.},
  title = {Hebrew Bible Textbooks},
  subtitle = {A Review Article},
  journaltitle = {Critical Review of Books in Religion},
  shortjournal = {CRBR},
  volume = {1},
  date = {1988},
  pages = {1-18}
}

@review{ebert:2004,
  author = {Ebert, Roger},
  revdtitle = {The Aviator},
  website = {RogerEbert.com},
  date = {2004},
  url = {http://tinyurl.com/n6onocs}
}

@article{dargis:2004,
  author = {Dargis, Manohla},
  title = {Savoring a Legend before It Curdled},
  journaltitle = {The New York Times},
  date = {2004},
  url = {http://tinyurl.com/j82pukj}
}

@thesis{klosinski:1988,
  author = {Klosinski, Lee E.},
  title = {Meals in Mark},
  type = {phdthesis},
  institution = {The Claremont Graduate School},
  date = {1988}
}

@mvreference{IDB,
  shorthand = {IDB},
  editor = {Buttrick, George A.},
  title = {The Interpreter’s Dictionary of the Bible},
  volumes = {4},
  location = {New York},
  publisher = {Abingdon},
  date = {1962},
  pagination = {subverbo}
}

@inreference{stendahl:biblicaltheology,
  author = {Stendahl, Krister},
  title = {Biblical Theology, Contemporary},
  shorttitle = {Biblical Theology},
  xref = {IDB},
  volume = {1},
  pages = {418-432}
}

@inreference{dentan:apple,
  author = {Dentan, Robert C.},
  title = {Apple of the Eye},
  xref = {IDB},
  volume = {1},
  pages = {176}
}

@reference{HBD,
  shorthand = {HBD},
  editor = {Powell, Mark Allan and others},
  title = {HarperCollins Bible Dictionary},
  edition = {3},
  location = {San Francisco},
  publisher = {HarperOne},
  date = {2011},
  pagination = {subverbo}
}

@inreference{mattingly:philistines,
  author = {Mattingly, Gerald L.},
  title = {Philistines},
  xref = {HBD},
  pages = {797-800}
}

@inreference{schaub:holywar,
  author = {Schaub, Marilyn M.},
  title = {Holy War},
  xref = {HBD},
  pages = {387}
}

@mvreference{ISBE,
  shorthand = {ISBE},
  editor = {Bromiley, Geoffrey W.},
  title = {International Standard Bible Encyclopedia},
  edition = {Rev\adddotspace ed\adddot},
  volumes = {4},
  location = {Grand Rapids},
  publisher = {Eerdmans},
  date = {1979/1988},
  pagination = {subverbo}
}

@inreference{burke:home,
  author = {Burke, David G.},
  title = {Home},
  xref = {ISBE},
  volume = {2},
  pages = {746-749}
}

@mvreference{PW,
  shorthand = {PW},
  editor = {Wissowa, Georg and Kroll, Wilhelm},
  title = {Paulys Real-Encyclopädie der classischen Altertumswissenschaft},
  volumes = {50},
  parts = {84},
  location = {Stuttgart},
  publisher = {Metzler and Druckenmüller},
  date = {1894/1980},
  langid = {german},
  options = {shorthandformat=roman}
}

@inreference{honigmann:libanos,
  author = {Honigmann, Ernest},
  title = {Libanos},
  xref = {PW},
  volume = {13},
  part = {1},
  pages = {1-11}
}

@mvreference{CAD,
  shorthand = {CAD},
  editor = {Gelb, Ignace J. and others},
  title = {The Assyrian Dictionary of the Oriental Institute of the University of Chicago},
  volumes = {21},
  location = {Chicago},
  publisher = {The Oriental Institute of the University of Chicago},
  date = {1956/2010},
  pagination = {subverbo}
}

@mvreference{NIDB,
  shorthand = {NIDB},
  editor = {Sakenfeld, Katharine Doob},
  title = {New Interpreter's Dictionary of the Bible},
  volumes = {5},
  location = {Nashville},
  publisher = {Abingdon},
  date = {2006/2009},
  pagination = {subverbo}
}

@inreference{meyers:menorah,
  author = {Meyers, Carol},
  title = {Menorah},
  xref = {NIDB},
  volume = {4},
  pages = {42-43}
}

@inreference{graf:arab,
  author = {Graf, David},
  title = {Arab, Arabian, Arabia},
  xref = {NIDB},
  volume = {1},
  pages = {212-220}
}

@mvreference{NIDNTT,
  shorthand = {NIDNTT},
  editor = {Brown, Colin},
  title = {New International Dictionary of New Testament Theology},
  volumes = {4},
  location = {Grand Rapids},
  publisher = {Zondervan},
  date = {1975/1985}
}

@inreference{dahn+liefeld:see+vision+eye,
  author = {Dahn, Karl and Liefeld, Walter L.},
  title = {See, Vision, Eye},
  xref = {NIDNTT},
  volume = {3},
  pages = {511-521}
}

@inreference{becker:arrabon,
  author = {Becker, Oswald},
  title = {ἀρραβών},
  xref = {NIDNTT},
  volume = {2},
  pages = {39-40}
}

@inreference{becker+vorlander+brown:gift+pledge+corban,
  author = {Becker, Oswald and Vorländer, Herwart and Brown, Colin},
  title = {Gift, Pledge, Corban},
  xref = {NIDNTT},
  volume = {2},
  pages = {39-44}
}

@inreference{vorlander:doron,
  author = {Vorländer, Herwart},
  title = {δῶρον},
  xref = {NIDNTT},
  volume = {2},
  pages = {40-43}
}

@mvreference{TDNT,
  shorthand = {TDNT},
  editor = {Kittel, Gerhard and Friedrich, Gerhard},
  title = {Theological Dictionary of the New Testament},
  translator = {Bromiley, Geoffrey W.},
  volumes = {10},
  location = {Grand Rapids},
  publisher = {Eerdmans},
  date = {1964/1976}
}

@inreference{beyer:diakoneo+diakonia+ktl,
  author = {Beyer, Hermann W.},
  title = {διακονέω, διακονία, κτλ},
  xref = {TDNT},
  volume = {2},
  pages = {81-93}
}

@inreference{delling:magos,
  author = {Delling, Gerhard},
  title = {μάγος},
  xref = {TDNT},
  volume = {4},
  pages = {356-359}
}

@inreference{delling:magos+ktl,
  author = {Delling, Gerhard},
  title = {μάγος κτλ},
  xref = {TDNT},
  volume = {4},
  pages = {356-359}
}

@inreference{herntrich+schrenk:leimma+ktl,
  author = {Herntrich, Volkmar and Schrenk, Gottlob},
  title = {λεῖμμα κτλ},
  xref = {TDNT},
  volume = {4},
  pages = {194-214}
}

@inreference{meyer:manna,
  author = {Meyer, Rudolf},
  title = {μάννα},
  xref = {TDNT},
  volume = {4},
  pages = {462-466}
}

@inreference{maurer:skeuos,
  author = {Maurer, Christian},
  title = {σκεῦος},
  xref = {TDNT},
  volume = {7},
  pages = {358-367}
}

@mvreference{TLNT,
  shorthand = {TLNT},
  author = {Spicq, Ceslas},
  title = {Theological Lexicon of the New Testament},
  editor = {Ernest, James D.},
  translator = {Ernest, James D.},
  volumes = {3},
  location = {Peabody, MA},
  publisher = {Hendrickson},
  date = {1994}
}

@inreference{spicq:atakteo+ataktos+ataktos,
  author = {Spicq, Ceslas},
  title = {ἀτακτέω, ἄτακτος, ἀτάκτως},
  xref = {TLNT},
  volume = {1},
  pages = {223-224}
}

@inreference{spicq:amoibe,
  author = {Spicq, Ceslas},
  title = {ἀμοιβή},
  xref = {TLNT},
  volume = {1},
  pages = {95-96}
}

@inreference{spicq:apecho,
  author = {Spicq, Ceslas},
  title = {ἀπέχω},
  xref = {TLNT},
  volume = {1},
  pages = {162-168}
}

@inreference{spicq:hikanos,
  author = {Spicq, Ceslas},
  title = {ἱκανός},
  xref = {TLNT},
  volume = {2},
  pages = {217-222}
}

@inreference{beyer:diakoneo,
  author = {Beyer, Hermann W.},
  title = {διακονέω},
  xref = {TDNT},
  volume = {2},
  pages = {81-87}
}

@inreference{dahn:horao,
  author = {Dahn, Karl},
  title = {ὁράω},
  xref = {NIDNTT},
  volume = {3},
  pages = {511-518}
}

@book{BHRG,
  shorthand = {BHRG},
  author = {Merwe, Christo H. J. and van der Naudé, Jackie A. and Kroeze, Jan H},
  title = {A Biblical Hebrew Reference Grammar},
  series = {Biblical Languages: Hebrew},
  number = {3},
  location = {Sheffield},
  publisher = {Sheffield Academic},
  date = {1999},
  pagination = {section},
  options = {shorthandformat=roman}
}

@book{BL,
  shorthand = {BL},
  author = {Bauer, Hans and Leander, Pontus},
  title = {Historische Grammatik der hebräischen Sprache des Alten Testamentes},
  origlocation = {Halle},
  origpublisher = {Niemeyer},
  origdate = {1922},
  location = {Hildesheim},
  publisher = {Olms},
  date = {1991},
  pagination = {section},
  options = {shorthandformat=roman},
  langid = {german}
}

@book{davidson:1901,
  author = {Davidson, A. B.},
  title = {Hebrew Syntax},
  edition = {3},
  location = {Edinburgh},
  publisher = {T\&T Clark},
  date = {1901},
  pagination = {section},
  options = {shorthandformat=roman},
}

@mvbook{GKB,
  shorthand = {GKB},
  author = {Gesenius, Wilhelm},
  title = {Hebräische Grammatik},
  editor = {Kautzsch, Emil and Bergsträsser, Gotthelf},
  parts = {2},
  volumes = {3},
  location = {Leipzig},
  publisher = {Vogel},
  date = {1918/1929},
  pagination = {section},
  options = {shorthandformat=roman},
  langid = {german}
}

@book{GKC,
  shorthand = {GKC},
  author = {Gesenius, Wilhelm},
  title = {Gesenius' Hebrew Grammar},
  editor = {Kautzsch, Emil},
  translator = {Cowley, Arthur E.},
  edition = {2},
  location = {Oxford},
  publisher = {Clarendon},
  date = {1910},
  pagination = {section},
  options = {shorthandformat=roman}
}

@book{IBHS,
  shorthand = {IBHS},
  author = {Waltke, Bruce K. and O'Connor, Michael},
  title = {An Introduction to Biblical Hebrew Syntax},
  location = {Winona Lake, IN},
  publisher = {Eisenbrauns},
  date = {1990},
  pagination = {section}
}

@mvbook{Jouon,
  shorthand = {Joüon},
  author = {Joüon, Paul},
  title = {A Grammar of Biblical Hebrew},
  editor = {Muraoka, T.},
  editortype = {translatorrev},
  volumes = {2},
  location = {Rome},
  publisher = {Pontifical Biblical Institute},
  date = {1991},
  pagination = {section},
  options = {shorthandformat=roman}
}

@book{lambdin:1971,
  author = {Lambdin, Thomas O.},
  title = {Introduction to Biblical Hebrew},
  location = {New York},
  publisher = {Scribner’s Sons},
  date = {1971},
  pagination = {section},
  options = {shorthandformat=roman}
}

@book{williams:1976,
  author = {Williams, Ronald J},
  title = {Hebrew Syntax: An Outline},
  edition = {2},
  location = {Toronto},
  publisher = {University of Toronto Press},
  date = {1976},
  pagination = {section},
  options = {shorthandformat=roman}
}

@book{yeivin:1980,
  author = {Yeivin, Israel},
  title = {Introduction to the Tiberian Masorah},
  editor = {Revell, E. J.},
  translator = {Revell, E. J.},
  series = {Masoretic Studies},
  shortseries = {MasS},
  number = {5},
  location = {Missoula, MT},
  publisher = {Scholars Press},
  date = {1980},
  pagination = {section}
}

@book{BDF,
  shorthand = {BDF},
  author = {Blass, Friedrich and Debrunner, Albert and Funk, Robert W.},
  title = {A Greek Grammar of the New Testament and Other Early Christian Literature},
  location = {Chicago},
  publisher = {University of Chicago Press},
  date = {1961},
  pagination = {section},
  options = {shorthandformat=roman}
}

@book{burton:1903,
  author = {Burton, Ernest DeWitt},
  title = {Syntax of the Moods and Tenses in New Testament Greek},
  edition = {5},
  location = {Chicago},
  publisher = {University of Chicago Press},
  date = {1903},
  pagination = {section}
}

@book{burton,
  shorthand = {Burton},
  crossref = {burton:1903},
  options = {shorthandformat=roman}
}

@book{dana+mantey:1927,
  author = {Dana, H. E. and Mantey, Julius R.},
  title = {A Manual Grammar of the Greek New Testament},
  location = {New York},
  publisher = {Macmillan},
  date = {1927},
  pagination = {section}
}

@book{funk:2013,
  author = {Funk, Robert W.},
  title = {A Beginning-Intermediate Grammar of Hellenistic Greek},
  edition = {3},
  location = {Salem, OR},
  publisher = {Polebridge},
  date = {2013},
  pagination = {section}
}

@book{funk,
  shorthand = {Funk},
  crossref = {funk:2013},
  options = {shorthandformat=roman}
}

@book{goodwin:1930,
  author = {Goodwin, William W.},
  title = {Greek Grammar},
  editor = {Gulick, Charles Burton},
  editortype = {reviser},
  location = {Boston},
  publisher = {Ginn},
  date = {1930},
  pagination = {section}
}

@mvbook{moulton:1908-1976,
  author = {Moulton, James Hope},
  withauthor = {Howard, W. F. and Turner, Nigel},
  sortkey = {Moulton, James Hope, with W. F. Howard and Nigel Turner},
  title = {A Grammar of New Testament Greek},
  volumes = {4},
  location = {Edinburgh},
  publisher = {T\&T Clark},
  date = {1908/1976}
}

@book{moulton:vol1,
  author = {Moulton, James Hope},
  title = {Prolegomena},
  titleaddon = {\mkbibordinal{3}~\bibsstring{edition}},
  volume = {1},
  date = {1908/1976},
  crossref = {moulton:1908-1976}
}

@book{moulton:vol2,
  author = {Moulton, James Hope and Howard, W. F.},
  title = {Accidence and Word Formation: With an Appendix on Semitisms in the New Testament},
  volume = {2},
  date = {1908/1976},
  crossref = {moulton:1908-1976}
}

@book{moulton:vol4,
  author = {Turner, Nigel},
  title = {Style},
  volume = {4},
  date = {1908/1976},
  crossref = {moulton:1908-1976}
}

@book{robertson:1923,
  author = {Robertson, A. T.},
  title = {A Grammar of the Greek New Testament in the Light of Historical Research},
  edition = {4},
  location = {London},
  publisher = {Hodder \& Stoughton},
  date = {1923},
  options = {shorthandformat=roman}
}

@book{robertson,
  shorthand = {Robertson},
  crossref = {robertson:1923},
  pagination = {section},
  options = {shorthandformat=roman}
}

@book{zerwick:2011,
  author = {Zerwick, Maximilian},
  title = {Biblical Greek Illustrated by Examples},
  origlanguage = {from the 4th Latin ed\adddot},
  translator = {Smith, Joseph},
  series = {Scripta Pontificii Instituti Biblici},
  number = {114},
  location = {Rome},
  publisher = {Editrice Pontificio Istituto biblico},
  date = {1963},
  related = {zerwick:repr},
  relatedtype = {reprint},
  pagination = {section}
}

@book{zerwick:repr,
  series = {Subsidia Biblica},
  shortseries = {SubBi},
  number = {41},
  location = {Rome},
  publisher = {Gregorian \& Biblical Press},
  date = {2011}
}

@book{zerwick,
  shorthand = {Zerwick},
  crossref = {zerwick:2011},
  options = {shorthandformat=roman}
}

@unpublished{niditch:1994,
  author = {Niditch, Susan},
  title = {Oral Culture, and Written Documents},
  shorttitle = {Oral Culture},
  type = {paper},
  eventtitle = {the Annual Meeting of the New England Region of the Society of Biblical Literature},
  venue = {Worcester, MA},
  eventdate = {1994-03-25}
}

@article{saldarini:1998,
  author = {Saldarini, Anthony J.},
  title = {Babatha's Story},
  journaltitle = {Biblical Archaeology Review},
  shortjournal = {BAR},
  volume = {24},
  number = {2},
  date = {1998},
  pages = {23-33, 36-37, 72-74}
}

@article{springer:2014,
  author = {Springer, Carl P. E.},
  title = {Of Roosters and \mkbibemph{Repetitio}},
  subtitle = {Ambrose's \mkbibemph{Aeterne rerum conditor}},
  journaltitle = {Vigiliae Christianae},
  shortjournal = {VC},
  volume = {68},
  date = {2014},
  pages = {155-177},
  doi = {10.1163/15700720-12341158}
}

@article{truehart:1996,
  author = {Truehart, Charles},
  title = {Welcome to the Next Church},
  shorttitle = {Next Church},
  url = {http://www.theatlantic.com/atlantic/issues/96aug/nxtchrch/nxtchrch.htm},
  journaltitle = {Atlantic Monthly},
  volume = {278},
  date = {1996-08},
  pages = {37-58}
}

@article{kirk:2007,
  author = {Kirk, Alan},
  title = {Karl Polanyi, Marshall Sahlins, and the Study of Ancient Social Relations},
  shorttitle = {Karl Polanyi},
  journaltitle = {Journal of Biblical Literature},
  shortjournal = {JBL},
  volume = {126},
  date = {2007},
  pages = {182-191},
  doi = {10.2307/27638428},
  url = {http://www.jstor.org/stable/27638428}
}

@article{neyrey:2002,
  author = {Neyrey, Jerome H.},
  title = {Spaced Out},
  subtitle = {\mkbibquote{Territoriality} in the Fourth Gospel},
  journaltitle = {Hervormde Teologiese Studies \mkbibparens{HTS Teologiese Studies/HTS Theological Studies}},
  shortjournal = {HvTSt},
  volume = {58},
  date = {2002},
  pages = {632-663},
  doi = {10.4102/hts.v58i2.568}
}

@article{lombard:2016,
  author = {Lombaard, Christo},
  title = {Theological Education, Considered from South Africa},
  subtitle = {Current Issues for Cross-Contextual Comparison},
  journaltitle = {Hervormde Teologiese Studies \mkbibparens{HTS Teologiese Studies/HTS Theological Studies}},
  shortjournal = {HvTSt},
  volume = {72},
  number = {1},
  date = {2016},
  eid = {2851},
  doi = {10.4102/hts.v72i1.2851}
}

@article{oswald:2012,
  author = {Oswald, Wolfgang},
  title = {Foreign Marriages and Citizenship in Persian Period Judah},
  shorttitle = {Foreign Marriages},
  journaltitle = {Journal of Hebrew Scriptures},
  shortjournal = {JHebS},
  volume = {12},
  date = {2012},
  eid = {6},
  pages = {1-17},
  doi = {10.5508/jhs.2012.v12.a6}
}

@mvcollection{COS,
  shorthand = {COS},
  editor = {Hallo, William W. and Younger, Jr., K. Lawson},
  title = {The Context of Scripture},
  volumes = {4},
  location = {Leiden},
  publisher = {Brill},
  date = {1997/2016}
}

@ancienttext{greathymnaten,
  entrysubtype = {inancientcollection},
  title = {The Great Hymn to the Aten},
  translator = {Lichtheim, Miriam},
  xref = {COS},
  volume = {1},
  text = {26},
  pages = {44-46}
}

@ancienttext{bedouin:allen,
  entrysubtype = {inancientcollection},
  title = {A Report of Bedouin},
  translator = {Allen, James P.},
  xref = {COS},
  volume = {3},
  text = {5},
  pages = {16–17}
}

@ancienttext{summaryinscription8,
  entrysubtype = {inancientcollection},
  title = {Summary Inscription 8},
  translator = {Younger, Jr., K. Lawson},
  xref = {COS}
}

@collection{ANET,
  shorthand = {ANET},
  editor = {Pritchard, James B.},
  title = {Ancient Near Eastern Texts Relating to the Old Testament},
  edition = {3},
  location = {Princeton},
  publisher = {Princeton University Press},
  date = {1969}
}

@ancienttext{suppiluliumas,
  entrysubtype = {inancientcollection},
  title = {Suppiluliumas and the Egyptian Queen},
  translator = {Goetz, Albrecht},
  xref = {ANET},
  pages = {319}
}

@ancienttext{legendsargon,
  entrysubtype = {inancientcollection},
  title = {The Legend of Sargon},
  translator = {Speiser, E. A.},
  xref = {ANET},
  pages = {119}
}

@ancienttext{lamentationoversumer,
  entrysubtype = {inancientcollection},
  title = {Lamentation over the Destruction of Sumer and Ur},
  translator = {Kramer, S. N.},
  xref = {ANET},
  pages = {455-463}
}

@book{dalley:1991,
  author = {Dalley, Stephanie},
  title = {Myths from Mesopotamia},
  location = {Oxford},
  publisher = {Oxford University Press},
  date = {1991}
}

@ancienttext{erraandishum:dalley,
  entrysubtype = {inancientcollection},
  title = {Erra and Ishum},
  xref = {dalley:1991},
  pages = {282-315}
}

@mvbook{foster:1993,
  author = {Foster, Benjamin},
  title = {Before the Muses},
  subtitle = {An Anthology of Akkadian Literature},
  volumes = {2},
  location = {Bethesda, MD},
  publisher = {CDL},
  date = {1993}
}

@ancienttext{erraandishum:foster,
  entrysubtype = {inancientcollection},
  title = {Erra and Ishum},
  xref = {foster:1993},
  volume = {1},
  pages = {771-805}
}

@mvbook{AEL,
  shorthand = {AEL},
  author = {Lichtheim, Miriam},
  title = {Ancient Egyptian Literature},
  volumes = {3},
  location = {Berkeley},
  publisher = {University of California Press},
  date = {1971/1980}
}

@ancienttext{doomedprince,
  entrysubtype = {inancientcollection},
  title = {The Doomed Prince},
  xref = {AEL},
  volume = {2},
  pages = {200-203}
}

@book{hoffner:1990,
  author = {Hoffner, Jr., Harry A.},
  title = {Hittite Myths},
  editor = {Beckman, Gary M.},
  series = {Writings from the Ancient World},
  shortseries = {WAW},
  number = {2},
  location = {Atlanta},
  publisher = {Scholars Press},
  date = {1990}
}

@ancienttext{disappearanceofsungod,
  entrysubtype = {inancientcollection},
  title = {The Disappearance of the Sun God},
  xref = {hoffner:1990}
}

@series{RIMA,
  series = {The Royal Inscriptions of Mesopotamia, Assyrian Periods},
  shortseries = {RIMA}
}

@mvbook{grayson:1991b,
  author = {Grayson, Albert Kirk},
  title = {Assyrian Rulers of the Early First Millennium BC \mkbibparens{1114--859 BC}},
  shorttitle = {Assyrian Rulers},
  series = {The Royal Inscriptions of Mesopotamia, Assyrian Periods},
  shortseries = {RIMA},
  number = {2},
  location = {Toronto},
  publisher = {University of Toronto Press},
  date = {1991}
}

@ancienttext{ashurinscription,
  title = {Ashur Inscription},
  xref = {grayson:1991b}
}

@ancienttext{ashurinscription:RIMA,
  title = {Ashur Inscription},
  xref = {RIMA},
  number = {2},
  pages = {142-145}
}

@book{grayson:1975,
  author = {Grayson, Albert Kirk},
  title = {Assyrian and Babylonian Chronicles},
  series = {Texts from Cuneiform Sources},
  shortseries = {TCS},
  number = {5},
  location = {Locust Valley, NY},
  publisher = {Augustin},
  date = {1975}
}

@book{ABC,
  shorthand = {ABC},
  author = {Grayson, Albert Kirk},
  title = {Assyrian and Babylonian Chronicles},
  series = {Texts from Cuneiform Sources},
  shortseries = {TCS},
  number = {5},
  location = {Locust Valley, NY},
  publisher = {Augustin},
  date = {1975}
}

@ancienttext{esarhaddonchronicle:grayson:1975,
  title = {Esarhaddon Chronicle},
  xref = {grayson:1975}
}

@ancienttext{esarhaddonchronicle:ABC,
  title = {Esarhaddon Chronicle},
  xref = {ABC}
}

@book{georges:1967,
  author = {Dossin, Georges},
  title = {Lettres},
  series = {Archives royales de Mari},
  shortseries = {ARM},
  number = {1},
  origdate = {1946},
  location = {Paris},
  publisher = {Geuthner},
  date = {1967},
  langid = {french}
}

@book{georges:1950,
  author = {Dossin, Georges},
  title = {Correspondance de Šamši-Addu et de ses fils},
  series = {Archives royales de Mari, transcrite et traduite},
  shortseries = {ARMT},
  number = {1},
  location = {Paris},
  publisher = {Imprimerei nationale},
  date = {1950},
  langid = {french}
}

@series{ARM1,
  series = {Archives royales de Mari},
  shortseries = {ARM},
  xref = {georges:1967}
}

@series{ARMT1,
  series = {Archives royales de Mari, transcrite et traduite},
  shortseries = {ARMT},
  xref = {georges:1950}
}

@mvbook{augustine:confessions,
  author = {Augustine},
  title = {Confessions},
  translator = {Hammond, Carolyn J.-B.},
  volumes = {2},
  series = {Loeb Classical Library},
  shortseries = {LCL},
  location = {Cambridge},
  publisher = {Harvard University Press},
  date = {2014/2016}
}

@ancienttext{augustine:conf,
  author = {Augustine},
  title = {Confessions},
  shorttitle = {Conf\adddot},
  xref = {augustine:confessions}
}

@mvbook{tacitus:histories,
  author = {Tacitus},
  title = {The Histories and The Annals},
  translator = {Moore, Clifford H. and Jackson, John},
  volumes = {4},
  series = {Loeb Classical Library},
  shortseries = {LCL},
  location = {Cambridge},
  publisher = {Harvard University Press},
  date = {1937}
}

@ancienttext{tacitus:ann,
  author = {Tacitus},
  title = {Annales},
  shorttitle = {Ann\adddot},
  xref = {tacitus:histories}
}

@mvbook{apuleius:golden,
  author = {Apuleius},
  title = {The Golden Ass},
  editora = {Adlington, W.},
  editoratype = {translator},
  editorb = {Gaselee, S.},
  editorbtype = {reviser},
  series = {Loeb Classical Library},
  shortseries = {LCL},
  location = {London and New York},
  publisher = {Heinemann and Putnam's Sons},
  date = {1922}
}

@ancienttext{apuleius:metam,
  author = {Apuleius},
  title = {Metamorphoses},
  shorttitle = {Metam\adddot},
  translator = {Adlington and Gaselee},
  xref = {apuleius:golden}
}

@book{aristotle:metaphysics:2,
  author = {Aristotle},
  maintitle = {Metaphysics},
  shorttitle = {Metaphysics},
  volume = {2},
  title = {Books 10–14; Oeconomica; Magna Moralia},
  translator = {Tredennick, Hugh and Armstrong, G. Cyril},
  series = {Loeb Classical Library},
  shortseries = {LCL},
  location = {Cambridge},
  publisher = {Harvard University Press},
  date = {1935},
  options = {usetitle=false},
  sorttitle = {Metaphysics 2}
}

@book{augustine:cityofgod:1,
  author = {Augustine},
  maintitle = {City of God},
  shorttitle = {City of God},
  volume = {1},
  title = {Books 1–3},
  translator = {McCracken, George E.},
  series = {Loeb Classical Library},
  shortseries = {LCL},
  location = {Cambridge},
  publisher = {Harvard University Press},
  date = {1957},
  options = {usetitle=false},
  sorttitle = {City of God 1}
}

@mvbook{aristotle:metaphysics,
  author = {Aristotle},
  title = {Metaphysics},
  translator = {Tredennick, Hugh and Armstrong, G. Cyril},
  volumes = {2},
  series = {Loeb Classical Library},
  shortseries = {LCL},
  location = {Cambridge},
  publisher = {Harvard University Press},
  date = {1933/1935}
}

@mvbook{augustine:cityofgod,
  author = {Augustine},
  title = {City of God},
  translator = {McCracken, George E. and Green, William M. and Wiesen, David S. and Levine, Philip and Sanford, Eva M.},
  volumes = {7},
  series = {Loeb Classical Library},
  shortseries = {LCL},
  location = {Cambridge},
  publisher = {Harvard University Press},
  date = {1957/1972}
}

@book{augustine:selectletters,
  author = {Augustine},
  title = {Select Letters},
  translator = {Baxter, James Houston},
  series = {Loeb Classical Library},
  shortseries = {LCL},
  location = {Cambridge},
  publisher = {Harvard University Press},
  date = {1930}
}

@book{aristotle:poetics:book,
  author = {Aristotle},
  title = {Poetics},
  editor = {Halliwell, Stephen},
  translator = {Halliwell, Stephen},
  related = {longinus:sublime:related,demetrius:style:related}
}

@book{longinus:sublime:related,
  author = {Longinus},
  title = {On the Sublime},
  editora = {Fyfe, W. H.},
  editoratype = {translator},
  editorb = {Russell, Donald},
  editorbtype = {reviser},
}

@book{demetrius:style:related,
  author = {Demetrius},
  title = {On Style},
  editor = {Innes, Doreen C.},
  translator = {Innes, Doreen C.},
  series = {Loeb Classical Library},
  shortseries = {LCL},
  location = {Cambridge},
  publisher = {Harvard University Press},
  date = {1995}
}

@book{aristotle:poetics:book:short,
  author = {Aristotle},
  title = {Poetics},
  options = {skipbib}
}

@book{longinus:sublime:book,
  author = {Longinus},
  title = {On the Sublime},
  related = {aristotle:poetics:book:short},
  relatedtype = {see},
  execute = {\nocite{aristotle:poetics:book,aristotle:poetics:book:short}}
}

@book{demetrius:style:book,
  author = {Demetrius},
  title = {On Style},
  related = {aristotle:poetics:book:short},
  relatedtype = {see},
  execute = {\nocite{aristotle:poetics:book,aristotle:poetics:book:short}}
}

@ancienttext{aristotle:poetics,
  author = {Aristotle},
  title = {Poetics},
  translator = {Halliwell, Stephen},
  xref = {aristotle:poetics:book},
  execute = {\nocite{aristotle:poetics:book}}
}

@ancienttext{longinus:sublime,
  author = {Longinus},
  title = {On the Sublime},
  translator = {Fyfe, W. H.},
  xref = {longinus:sublime:book},
  execute = {\nocite{aristotle:poetics:book,longinus:sublime:book}},
}

@ancienttext{demetrius:style,
  author = {Demetrius},
  title = {On Style},
  translator = {Innes, Doreen C.},
  xref = {demetrius:style:book},
  execute = {\nocite{aristotle:poetics:book,demetrius:style:book}},
}

@book{josephus:life;againstapion,
  author = {Josephus},
  title = {The Life; Against Apion},
  translator = {Thackeray, Henry St.\@ J.},
  series = {Loeb Classical Library},
  shortseries = {LCL},
  location = {Cambridge},
  publisher = {Harvard University Press},
  date = {1926}
}

@book{josephus:antiquitatum,
  author = {Josephus},
  title = {Antiquitatum Iudaicarum libri VI--X},
  volume = {2},
  maintitle = {Flavii Iosephi opera},
  editor = {Niese, Benedictus},
  location = {Berlin},
  publisher = {Weidmann},
  date = {1888}
}

@book{josephus:judeanantiquities,
  author = {Josephus},
  title = {Judean Antiquities 15},
  editor = {van Henten, Jan Willem},
  series = {Flavius Josephus: Translation and Commentary},
  shortseries = {FJTC},
  number = {7b},
  location = {Leiden},
  publisher = {Brill},
  date = {2014}
}

@book{worksofjosephus,
  author = {Josephus},
  title = {The Works of Flavius Josephus},
  translator = {Whiston, A. M. William},
  volumes = {2},
  location = {London},
  publisher = {Bohn},
  date = {1862}
}

@book{josephus:jewishwar,
  author = {Josephus},
  title = {The Jewish War},
  translator = {Thackery, Henry St.\@ J.},
  series = {Loeb Classical Library},
  shortseries = {LCL},
  location = {Cambridge},
  publisher = {Harvard University Press},
  date = {1927/1928}
}

@book{josephus:jewishantiquities,
  author = {Josephus},
  title = {The Jewish Antiquities},
  translator = {Thackery, Henry St.\@ J.},
  series = {Loeb Classical Library},
  shortseries = {LCL},
  location = {Cambridge},
  publisher = {Harvard University Press},
  date = {1930/1965}
}

@ancienttext{josephus:bj,
  author = {Josephus},
  title = {Bellum judaicum},
  shorttitle = {B.J\adddot},
  xref = {josephus:jewishwar}
}

@ancienttext{josephus:aj,
  author = {Josephus},
  title = {Antiquitates judaicae},
  shorttitle = {A.J\adddot},
  xref = {josephus:jewishantiquities}
}

@ancienttext{josephus:cap,
  author = {Josephus},
  title = {Contra Apionem},
  shorttitle = {C.\@ Ap\adddot},
  xref = {josephus:life;againstapion}
}

@mvbook{scriptoreshistoriaeaugustae,
  translator = {Magie, David},
  title = {The Scriptores historiae Augustae},
  series = {Loeb Classical Library},
  shortseries = {LCL},
  location = {Cambridge and London},
  publisher = {Harvard University Press and Heinemann},
  date = {1921/1932},
  options = {usetranslator}
}

@ancienttext{histaug,
  title = {Historia Augusta},
  shorttitle = {Hist.\@ Aug\adddot},
  xref = {scriptoreshistoriaeaugustae}
}

@ancienttext{histaug:sev,
  maintitle = {Historia Augusta},
  shortmaintitle = {Hist.\@ Aug\adddot},
  title = {Severus},
  shorttitle = {Sev\adddot},
  xref = {scriptoreshistoriaeaugustae},
  execute = {\nocite{histaug}}
}

@ancienttext{histaug:opilmacr,
  maintitle = {Historia Augusta},
  shortmaintitle = {Hist.\@ Aug\adddot},
  title = {Opilius Macrinus},
  shorttitle = {Opil.\@ Macr\adddot},
  xref = {scriptoreshistoriaeaugustae},
  execute = {\nocite{histaug}}
}

@book{plutarch:isisoris,
  author = {Plutarch},
  title = {Isis and Oris; The E at Delphi; The Oracles at Delphi No Longer Given in Verse; The Obsolescence of Oracles},
  translator = {Babbitt, Frank Cole},
  series = {Loeb Classical Library},
  shortseries = {LCL},
  location = {Cambridge},
  publisher = {Harvard University Press},
  date = {1936}
}

@book{plutarch:romanquestions,
  author = {Plutarch},
  title = {The Roman Questions; The Greek Questions; Greek and Roman Parallel Stories; On the Fortune of the Romans; On the Fortune or the Virtue of Alexander; Were the Athenians More Famous in War or in Wisdom?},
  translator = {Babbitt, Frank Cole},
  series = {Loeb Classical Library},
  shortseries = {LCL},
  location = {Cambridge and London},
  publisher = {Harvard University Press and William Heinemann},
  date = {1936}
}

@book{plutarch:tabletalk7,
  author = {Plutarch},
  title = {Table-Talk, Books 7–9; The Dialogue on Love},
  translator = {Minar, Jr., Edwin L. and Sandbach, F. H. and Helmbold, W. C.},
  series = {Loeb Classical Library},
  shortseries = {LCL},
  location = {Cambridge and London},
  publisher = {Harvard University Press and William Heinemann},
  date = {1961}
}

@book{plutarch:canvirtue,
  author = {Plutarch},
  title = {Can Virtue be Taught?; On Moral Virtue; On the Control of Anger; On Tranquility of Mind; On Brotherly Love; On Affection for Offspring; Whether Vice Be Sufficient to Cause Unhappiness; Whether the Affections of the Soul are Worse than those of the Body; Concerning Talkativeness; On Being a Busybody},
  translator = {Helmbold, W. C.},
  series = {Loeb Classical Library},
  shortseries = {LCL},
  location = {Cambridge},
  publisher = {Harvard University Press},
  date = {1939}
}

@ancienttext{plutarch:isos,
  author = {Plutarch},
  title = {De Iside et Osiride},
  shorttitle = {Is.\@ Os\adddot},
  xref = {plutarch:isisoris}
}

@ancienttext{plutarch:alexfort,
  author = {Plutarch},
  title = {De Alexandri magni fortuna aut virtute},
  shorttitle = {Alex.\@ fort\adddot},
  xref = {plutarch:romanquestions}
}

@ancienttext{plutarch:quaestconv,
  author = {Plutarch},
  title = {Quaestionum convivialum libri IX},
  shorttitle = {Quaest.\@ conv\adddot},
  translator = {Sandbach},
  xref = {plutarch:tabletalk7}
}

@ancienttext{plutarch:cohibira,
  author = {Plutarch},
  title = {De cohibenda ira},
  shorttitle = {Cohib.\@ ira\adddot},
  xref = {plutarch:canvirtue}
}

@book{philo:cherubim,
  author = {Philo},
  title = {On the Cherubim; The Sacrifices of Abel and Cain; The Worse Attacks the Better; On the Posterity and Exile of Cain; On the Giants},
  translator = {Colson, F. H. and Whitaker, G. H.},
  series = {Loeb Classical Library},
  shortseries = {LCL},
  location = {Cambridge},
  publisher = {Harvard University Press},
  date = {1929}
}

@book{philo:questionsongenesis,
  author = {Philo},
  title = {Questions on Genesis},
  translator = {Marcus, Ralph},
  series = {Loeb Classical Library},
  shortseries = {LCL},
  location = {Cambridge},
  publisher = {Harvard University Press},
  date = {1953}
}

@ancienttext{philo:cher,
  author = {Philo},
  title = {De cherubim},
  shorttitle = {Cher\adddot},
  translator = {Colson},
  xref = {philo:cherubim}
}

@ancienttext{philo:QG,
  author = {Philo},
  title = {Quaestiones et solutiones in Genesin},
  shorttitle = {QG},
  xref = {philo:questionsongenesis}
}

@book{geljion+runia:2013,
  author = {Geljion, Albert C. and Runia, David T.},
  title = {Philo of Alexandria: \mkbibquote{On Cultivation}; Introduction, Translation and Commentary},
  shorttitle = {Philo of Alexandria: \mkbibquote{On Cultivation}},
  series = {Philo of Alexandria Commentary Series},
  shortseries = {PACS},
  number = {4},
  location = {Leiden},
  publisher = {Brill},
  date = {2013}
}

@book{wilson:2011,
  author = {Wilson, Walter T.},
  title = {Philo of Alexandria: \mkbibquote{On Virtues}; Introduction, Translation, and Commentary},
  shorttitle = {Philo of Alexandria: \mkbibquote{On Virtues}},
  series = {Philo of Alexandria Commentary Series},
  shortseries = {PACS},
  number = {3},
  location = {Leiden},
  publisher = {Brill},
  date = {2011}
}

@mvbook{p.cair.zen.,
  shorthand = {P.Cair.Zen\adddot},
  editor = {Edgar, C. C.},
  title = {Zenon Papyri, Catalogue général des antiquités égyptiennes du Musée du Caire},
  volumes = {5},
  location = {Cairo},
  date = {1925/1940},
  options = {shorthandformat=roman}
}

@mvbook{hunt+edgar:1932,
  author = {Hunt, Arthur S. and Edgar, Campbell C.},
  title = {Select Papyri},
  series = {Loeb Classical Library},
  shortseries = {LCL},
  location = {Cambridge},
  publisher = {Harvard University Press},
  date = {1932}
}

@mvbook{huntandedgar,
  shorthand = {Hunt and Edgar},
  author = {Hunt, Arthur S. and Edgar, Campbell C.},
  title = {Select Papyri},
  series = {Loeb Classical Library},
  shortseries = {LCL},
  location = {Cambridge},
  publisher = {Harvard University Press},
  date = {1932},
  pagination = {section},
  options = {shorthandformat=roman}
}

@ancienttext{p.cair.zen.:hunt+edgar:1932,
  title = {\citeshorthand{p.cair.zen.}},
  xref = {hunt+edgar:1932}
}

@ancienttext{p.cair.zen.:huntandedgar,
  title = {\citeshorthand{p.cair.zen.}},
  xref = {huntandedgar}
}

@mvbook{IEph,
  shorthand = {IEph},
  editor = {Wankel, Hermann and others},
  title = {Die Inschriten von Ephesos},
  volumes = {8},
  location = {Bonn},
  publisher = {Habelt},
  date = {1979/1984},
  pagination = {text},
  options = {shorthandformat=roman}
}

@mvbook{BGU,
  shorthand = {BGU},
  title = {Aegyptische Urkunden aus den Königlichen Staatlichen Museen zu Berlin, Griechische Urkunden},
  volumes = {15},
  location = {Berlin},
  publisher = {Weidmann},
  date = {1895/1937},
  pagination = {text},
  langid = {german}
}

@mvbook{P.Ryl,
  shorthand = {P.Ryl},
  editor = {Hunt, Arthur S. and others},
  title = {Catalogue of the Greek and Latin Papyri in the John Rylands Library, Manchester},
  volumes = {4},
  location = {Manchester},
  publisher = {Manchester University Press},
  date = {1911/1952},
  pagination = {text},
  options = {shorthandformat=roman}
}

@mvbook{IG,
  shorthand = {IG},
  title = {Inscriptions Graecae},
  edition = {Editio Minor},
  location = {Berlin},
  publisher = {de Gruyter},
  date = {1924/},
  pagination = {text}
}

@book{betz:1996,
  editor = {Betz, Hans Dieter},
  title = {The Greek Magical Papyri in Translation, Including the Demotic Spells},
  edition = {2},
  location = {Chicago},
  publisher = {University of Chicago Press},
  date = {1996}
}

@mvbook{preisendaz:1973-1974,
  shorthand = {PGM},
  editor = {Preisendaz, Karl},
  translator = {Preisendaz, Karl},
  title = {Papyri Graecae Magicae: Die griechischen Zauberpapyri},
  edition = {2},
  volumes = {3},
  location = {Stuttgart},
  publisher = {Teubner},
  date = {1973/1974}
}

@book{PDM:betz,
  shorthand = {PDM},
  title = {Papyri Demoticae Magicae},
  relatedstring = {Demotic texts in \citeshorthand{preisendaz:1973-1974} corpus as collated in},
  related = {betz:1996}
}

@ancienttext{PGM,
  title = {\citeshorthand{preisendaz:1973-1974}},
  xref = {betz:1996}
}

@ancienttext{PDM,
  title = {\citeshorthand{PDM:betz}},
  xref = {PDM:betz}
}

@book{malherbe:1977,
  editor = {Malherbe, Abraham J.},
  title = {The Cynic Epistles},
  subtitle = {A Study Edition},
  series = {Stuttgarter Bibelstudien},
  shortseries = {SBS},
  number = {12},
  location = {Atlanta},
  publisher = {Scholars Press},
  date = {1977}
}

@bookinbook{heraclitus:epistle1:worley,
  author = {Heraclitus},
  title = {Epistle 1},
  translator = {Worley, David},
  pages = {187},
  crossref = {malherbe:1977}
}

@ancienttext{heraclitus:epistle1,
  author = {Heraclitus},
  title = {Epistle 1},
  xref = {heraclitus:epistle1:worley},
  options = {usexref=false}
}

@mvcollection{ANF,
  shorthand = {ANF},
  editor = {Roberts, Alexander and Donaldson, James},
  title = {The Ante-Nicene Fathers},
  subtitle = {Translations of the Writings of the Fathers Down to A.D. 325},
  origdate = {1885/1887},
  volumes = {10},
  location = {Peabody, MA},
  publisher = {Hendrickson},
  date = {1994}
}

@mvcollection{ANF:firsted,
  shorthand = {ANF},
  editor = {Roberts, Alexander and Donaldson, James},
  title = {The Ante-Nicene Fathers},
  subtitle = {Translations of the Writings of the Fathers Down to A.D. 325},
  volumes = {10},
  date = {1885/1887}
}

@ancienttext{clementinehomilies,
  entrysubtype = {ancientbook},
  title = {The Clementine Homilies},
  xref = {ANF}
}

@mvcollection{NPNF,
  shorthand = {NPNF},
  editor = {Schaff, Philip},
  title = {A Select Library of Nicene and Post-Nicene Fathers of the Christian Church},
  origdate = {1886/1889},
  volumes = {28},
  series = {2},
  location = {Peabody, MA},
  publisher = {Hendrickson},
  date = {1994}
}

@mvcollection{NPNF:firsted,
  shorthand = {NPNF},
  editor = {Schaff, Philip},
  title = {A Select Library of Nicene and Post-Nicene Fathers of the Christian Church},
  volumes = {28},
  series = {2},
  date = {1886/1889}
}

@ancienttext{augustine:letters,
  entrysubtype = {ancientbook},
  author = {Augustine},
  title = {The Letters of St.\@ Augustin},
  translator = {Cunningham, J. G.},
  xref = {NPNF},
  volume = {1/1},
  pages = {209-593}
}

@ancienttext{eusebius:constantine,
  entrysubtype = {inancienttext},
  author = {{Eusebius of Caesarea}},
  title = {The Life of Constantine},
  translator = {Richardson, Ernest Cushing},
  xref = {NPNF},
  volume = {2/1},
  pages = {481-559},
  options = {skipbib=false}
}

@series{PL,
  shorthand = {PL},
  title = {Patrologia Latina},
  editor = {Migne, J.-P.},
  volumes = {217},
  location = {Paris},
  date = {1844/1855}
}

@series{PG,
  shorthand = {PG},
  title = {Patrologia Graeca},
  editor = {Migne, J.-P.},
  volumes = {161},
  location = {Paris},
  date = {1857/1886}
}

@ancienttext{gregory:orationestheologicae,
  author = {{Gregory of Nazianzus}},
  title = {Orationes theologicae},
  xref = {PG},
  volume = {36}
}

@ancienttext{methodius:symp,
  author = {{Methodius of Olympus}},
  title = {Symposium \mkbibparens{Convivium decem virginum}},
  shorttitle = {Symp\adddot},
  xref = {PG},
  volume = {18}
}

@mvbook{Str-B,
  shorthand = {Str-B},
  author = {Strack, Hermann L. and Billerbeck, Paul},
  title = {Kommentar zum Neuen Testament aus Talmud und Midrasch},
  volumes = {6},
  location = {Munich},
  publisher = {Beck},
  date = {1922/1961},
  options = {shorthandformat=roman},
  langid = {german}
}

@mvreference{ANRW,
  shorthand = {ANRW},
  editor = {Temporini, Hildegard and Haase, Wolfgang},
  title = {Aufstieg und Niedergang der römischen Welt},
  subtitle = {Geschichte und Kultur Roms im Spiegel der neueren Forschung},
  titleaddon = {Part 2, \mkbibemph{Principat}},
  location = {Berlin},
  publisher = {de Gruyter},
  date = {1972/},
  langid = {german}
}

@inreference{anderson:pepaideumenos,
  author = {Anderson, Graham},
  title = {The \mkbibemph{pepaideumenos} in Action},
  subtitle = {Sophists and Their Outlook in the Early Empire},
  shorttitle = {\mkbibemph{Pepaideumenos}},
  xref = {ANRW},
  volume = {33},
  part = {1},
  pages = {80-208}
}

@commentary{hooker:1991,
  author = {Hooker, Morna},
  title = {The Gospel according to Saint Mark},
  series = {Black's New Testament Commentaries},
  shortseries = {BNTC},
  number = {2},
  location = {Peabody, MA},
  publisher = {Hendrickson},
  date = {1991}
}

@inbook{petersen:2006,
  author = {Petersen, David L.},
  title = {Ezekiel},
  pages = {1096-1167},
  booktitle = {The HarperCollins Study Bible Fully Revised and Updated: New Revised Standard Version, with the Apocryphal\slash Deuterocanonical Books},
  editor = {Attridge, Harold W. and others},
  location = {San Francisco},
  publisher = {HarperSanFrancisco},
  date = {2006}
}

@mvcommentary{dahood:1965-1970,
  author = {Dahood, Mitchell},
  title = {Psalms},
  volumes = {3},
  series = {Anchor Bible},
  shortseries = {AB},
  number = {16--17A},
  location = {Garden City, NY},
  publisher = {Doubleday},
  date = {1965/1970}
}

@commentary{dahood:1965,
  author = {Dahood, Mitchell},
  title = {Psalms I: 1--50},
  shorttitle = {Psalms I: 1--50},
  volume = {1},
  number = {16},
  date = {1965},
  crossref = {dahood:1965-1970}
}

@commentary{dahood:1968,
  author = {Dahood, Mitchell},
  title = {Psalms II: 51--100},
  shorttitle = {Psalms II: 51--100},
  volume = {2},
  number = {17},
  date = {1968},
  crossref = {dahood:1965-1970}
}

@mvcommentary{NIB,
  shorthand = {NIB},
  editor = {Keck, Leander E.},
  title = {The New Interpreter's Bible},
  volumes = {12},
  location = {Nashville},
  publisher = {Abingdon},
  date = {1994/2004}
}

@incommentary{miller:jeremiah,
  author = {Miller, Patrick D.},
  title = {The Book of Jeremiah: Introduction, Commentary, and Reflections},
  xref = {NIB},
  volume = {6},
  pages = {553-926},
}

@incommentary{partain:1995,
  author = {Partain, Jack G.},
  title = {Numbers},
  pages = {175-179},
  booktitle = {Mercer Commentary on the Bible},
  editor = {Mills, Watson E. and others},
  location = {Macon, GA},
  publisher = {Mercer University Press},
  date = {1995}
}

@incollection{crenshaw:2001,
  author = {Crenshaw, James L.},
  title = {Theodicy in the Book of the Twelve},
  booktitle = {Society of Biblical Literature 2001 Seminar Papers},
  series = {Society of Biblical Literature Seminar Papers},
  shortseries = {SBLSP},
  number = {40},
  location = {Atlanta},
  publisher = {Society of Biblical Literature},
  date = {2001},
  pages = {1-18}
}

@online{wilhelm:2013,
  editor = {Wilhelm, Gernot},
  title = {Der Vertrag Šuppiluliumas I. von Ḫatti mit Šattiwazza von Mitrani \mkbibparens{CTH 51.I}},
  shorttitle = {Der Vertrag Šuppiluliumas I\adddot},
  date = {2013-02-24},
  eprinttype = {hethiter},
  eprint = {CTH 51.I},
  eprintclass = {INTR 2013-02-24},
  langid = {german}
}

@online{cobb:figurines,
  author = {{Cobb Institute of Archaeology}},
  title = {The Figurines of Maresha, the Persian Era},
  shorttitle = {Figurines of Maresha},
  website = {DigMaster},
  url = {http://www.cobb.msstate.edu/dignew/Maresha/index.html},
  options = {indexing=false}
}

@online{caraher:2013,
  editor = {Caraher, William R.},
  title = {Pyla-Koutsopetria Archaeological Project},
  subtitle = {\mkbibparens{Overview}},
  website = {Open Context},
  date = {2013-11-05},
  doi = {10.6078/M7B56GNS},
  url = {http://opencontext.org/projects/3F6DCD13-A476-488E-ED10-47D25513FCB2}
}

@online{100cuneiform,
  title = {The One Hundred Most Important Cuneiform Objects},
  website = {cdli:wiki},
  url = {http://cdli.ox.ac.uk/wiki/doku.php?id=the_one_hundred_most_important_cuneiform_objects}
}

@online{goodacre:2014,
  entrysubtype = {blog},
  author = {Goodacre, Mark},
  title = {Jesus' Wife Fragment},
  subtitle = {Another Round-Up},
  website = {NT Blog},
  date = {2014-05-09},
  url = {http://ntweblog.blogspot.com}
}

@online{fb:sblwomenscholars,
  title = {Society of Biblical Literature – Women Scholars},
  website = {Facebook},
  url = {http://tinyurl.com/z2cyvcb}
}

@online{fbpage:sblwomenscholars,
  website = {Society of Biblical Literature – Women Scholars Facebook page},
  url = {http://tinyurl.com/z2cyvcb}
}

@online{fbcomment:smith,
  entrysubtype = {comment},
  author = {Smith, John},
  type = {personal Facebook comment},
  date = {2017-02-12}
}

@online{fbcomment:doe,
  entrysubtype = {comment},
  author = {Doe, Jane},
  type = {comment on \cite{fbpage:sblwomenscholars}},
  date = {2017-02-12}
}

@online{twitterpage:sblpress,
  website = {SBL Press Twitter page},
  url = {http://tinyurl.com/hwsjd9y}
}

@online{twitter:sblpress,
  title = {SBL Press},
  website = {Twitter},
  url = {http://tinyurl.com/hwsjd9y}
}

@online{twittercomment:sblpress,
  entrysubtype = {comment},
  author = {{SBL Press}},
  type = {Twitter comment},
  date = {2017-02-12},
  url = {http://twitter.com/SBLPress}
}

@series{ACCS,
  series = {Ancient Christian Commentary on Scripture},
  shortseries = {ACCS}
}

@book{edwards:1999,
  editor = {Edwards, Mark J.},
  title = {Galatians, Ephesians, Philippians},
  series = {\citeseries{ACCS} New Testament},
  number = {8},
  location = {Downers Grove, IL},
  publisher = {InterVarsity Press},
  date = {1999}
}

@ancienttext{victorinus:ephesians,
  author = {{Marius Victorinus}},
  title = {Epistle to the Ephesians},
  xref = {edwards:1999},
  xrefstring = {quoted in}
}

@ancienttext{theodoret:galatians,
  author = {Theodoret},
  title = {Epistle to the Galatians},
  xref = {edwards:1999},
  xrefstring = {quoted in}
}

@reference{MGS,
  shorthand = {MGS},
  author = {Montanari, Franco},
  title = {The Brill Dictionary of Ancient Greek},
  editor = {Goh, Madeleine and Schroeder, Chad},
  location = {Leiden},
  publisher = {Brill},
  date = {2015},
  options = {shorthandformat=roman}
}

@inbook{moore:2017,
  author = {Moore, Stephen D.},
  title = {Why the Johannine Jesus Weeps at the Tomb of Lazarus},
  booktitle = {Mixed Feelings and Vexed Passions: Exploring Emotions in Biblical Literature},
  editor = {Spencer, F. Scott},
  series = {Resources for Biblical Study},
  shortseries = {RBS},
  location = {Atlanta},
  publisher = {SBL Press},
  date = {2017}
}

@series{AB,
  series = {Anchor Bible},
  shortseries = {AB}
}

@mvreference{ABD,
  shorthand = {ABD},
  editor = {Freedman, David Noel},
  title = {Anchor Bible Dictionary},
  volumes = {6},
  location = {New York},
  publisher = {Doubleday},
  date = {1992},
  pagination = {subverbo}
}

@inreference{hanson+etal:apocalypses,
  author = {Hanson, Paul D. and Grayson, Kirk and Collins, john J. and Yarbro Collins, Adela},
  title = {Apocalypses and Apocalypticism},
  xref = {ABD},
  volume = {1},
  pages = {279-292}
}

@inreference{yarbrocollins:earlychristian,
  author = {Yarbro Collins, Adela},
  title = {Apocalypses and Apocalypticism: Early Christian},
  xref = {ABD},
  volume = {1},
  pages = {288-292}
}

@ancienttext{philo:abr,
  author = {Philo},
  title = {De Abrahamo},
  shorttitle = {Abr\adddot},
}

@ancienttext{philo:agr,
  author = {Philo},
  title = {De agricultura},
  shorttitle = {Agr\adddot},
}

@ancienttext{graniuslicinianus:ann,
  author = {{Granius Licinianus}},
  title = {Annales},
  shorttitle = {Ann\adddot}
}

@journal{AJSL,
  journaltitle = {American Journal of Semitic Languages and Literature},
  shortjournal = {AJSL}
}

@journal{atlantis,
  journaltitle = {Atlantis: Journal of the Spanish Association of Anglo-American Studies},
  shortjournal = {Atlantis}
}

@series{AzTh,
  series = {Arbeiten zur Theologie},
  shortseries = {AzTh}
}

@journal{BibInt,
  journaltitle = {Biblical Interpretation},
  shortjournal = {BibInt}
}

@series{BibIntSeries,
  series = {Biblical Interpretation Series},
  shortseries = {BibInt}
}

@journal{BSac,
  journaltitle = {Bibliotheca Sacra},
  shortjournal = {BSac}
}

@series{JSOTSup,
  series = {Journal for the Study of the Old Testament Supplement Series},
  shortseries = {JSOTSup}
}

@ancienttext{justinmartyr:1apol,
  author = {{Justin Martyr}},
  title = {First Apology},
  shorttitle = {1~Apol\adddot}
}

@ancienttext{1en,
  title = {1~Enoch},
  shorttitle = {1~En\adddot}
}

@ancienttext{1QM,
  title = {War Scroll},
  shorttitle = {1QM}
}

@ancienttext{4QpNah,
  title = {Pesher Nahum},
  shorttitle = {4QpNah}
}

@ancienttext{livy:aburbe,
  author = {Livy},
  title = {Ab urbe condita},
  shorttitle = {Ab urbe cond\adddot}
}

@ancienttext{cicero:agr,
  author = {Cicero},
  title = {De lege agraria},
  shorttitle = {Agr\adddot}
}

@ancienttext{plutarch:ant,
  author = {Plutarch},
  title = {Antonius},
  shorttitle = {Ant\adddot}
}

@ancienttext{dionysius:ant,
  author = {{Dionysius of Halicarnassus}},
  title = {Antiquitates romanae},
  shorttitle = {Ant\adddotspace rom\adddot}
}

@book{robinson:1952,
  author = {Robinson, John A. T.},
  title = {The Body: A Study in Pauline Theology},
  series = {Studies in Biblical Theology},
  shortseries = {SBT},
  number = {1/5},
  location = {London},
  publisher = {SCM},
  date = {1952}
}

@book{frances:2014,
  author = {Young, Frances},
  title = {Ways of Reading Scripture},
  series = {Wissenschaftliche Untersuchungen zum Neuen Testament},
  shortseries = {WUNT},
  number = {1/369},
  location = {Tübingen},
  publisher = {Mohr Siebeck},
  date = {2014}
}

@book{reynolds+etal:2014,
  editor = {Reynolds, Benjamin E. and Lugioyo, Brian and Vanhoozer, Kevin J.},
  title = {Reconsidering the Relationship between Biblical and Systematic Theology in the New Testament},
  series = {Wissenschaftliche Untersuchungen zum Neuen Testament},
  shortseries = {WUNT},
  number = {2/369},
  location = {Tübingen},
  publisher = {Mohr Siebeck},
  date = {2014}
}

@book{witte:2015,
  author = {Witte, Markus},
  title = {Texte und Kontexte des Sirachbuchs: Gesammelte Studien zu Ben Sira und zur frühjüdischen Weisheit},
  series = {Forschungen zum Alten Testament},
  shortseries = {FAT},
  number = {1/98},
  location = {Tübingen},
  publisher = {Mohr Siebeck},
  date = {2015},
  langid = {german}
}

@book{tucker:2015,
  author = {Tucker, Paavo N.},
  title = {The Holiness Composition in the Book of Exodus},
  series = {Forschungen zum Alten Testament},
  shortseries = {FAT},
  number = {2/98},
  location = {Tübingen},
  publisher = {Mohr Siebeck},
  date = {2015}
}

@book{hamori+stokl:2018,
  author = {Hamori, Esther J. and Stökl, Jonathan},
  title = {Perchance to Dream: Dream Divination in the Bible and the Ancient Near East},
  series = {Ancient Near East Monographs},
  shortseries = {ANEM},
  number = {21},
  location = {Atlanta},
  publisher = {SBL Press},
  date = {2018}
}

@book{wilken:2003,
  author = {Wilken, Robert Louis},
  title = {The Christians as the Romans Saw Them},
  edition = {2},
  location =  {New Haven and London},
  publisher = {Yale University Press},
  date = {2003}
}

@article{miller:1984,
  author = {Miller, Jr., Patrick D.},
  title = {Meter, Parallelism, and Tropes: The Search for Poetic Style},
  journaltitle = {Journal for the Study of the Old Testament},
  shortjournal = {JSOT},
  issue = {28},
  date = {1984},
  pages = {99-106}
}

@article{stott:2005-2006,
  author = {Stott, Katherine},
  title = {Finding the Lost Book of the Law: Re-reading the Story of \mkbibquote{The Book of the Law} (Deuteronomy--2~Kings) in Light of Classical Literature},
  journaltitle = {Journal for the Study of the Old Testament},
  shortjournal = {JSOT},
  volume = {30},
  date = {2005/2006},
  pages = {153-169}
}

@article{roth:1959-1960,
  author = {Roth, Cecil},
  title = {The Zealots and Qumran: The Basic Issue},
  journaltitle = {Revue de Qumran},
  shortjournal = {RevQ},
  volume = {2},
  issue = {5},
  date = {1959/1960},
  pages = {81-84}
}

@book{scott:1989,
  author = {Scott, Bernard Brandon},
  title = {Hear Then the Parable: A Commentary on the Parables of Jesus},
  location = {Philadelphia},
  publisher = {Fortress},
  date = {1989}
}

@book{logan+wedderburn:1983,
  editor = {Logan, Alastair H. B. and Wedderburn, Alexander J. M.},
  title = {The New Testament and Gnosis: Essays in Honour of Robert McL. Wilson},
  location = {Edinburgh},
  publisher = {T\&T Clark},
  date = {1983}
}

@book{barbour:2012,
  author = {Barbour, Jennie},
  title = {The Story of Israel in the Book of Qohelet: Ecclesiastes as Cultural Memory},
  location = {Oxford},
  publisher = {Oxford University Press},
  date = {2012}
}

@article{grillo:2017,
  author = {Grillo, Jennie},
  title = {\mkbibquote{From a Far Country}: Daniel in Isaiah’s Babylon},
  journaltitle = {Journal of Biblical Literature},
  shortjournal = {JBL},
  volume = {136},
  date = {2017},
  pages = {363-380}
}

@misc{barbour:seealso,
  author = {Barbour, Jennie},
  title = {See also \mkbibemph{Grillo, Jennie}},
  sorttitle = {zzz}
}

@misc{grillo:seealso,
  author = {Grillo, Jennie},
  title = {See also \mkbibemph{Barbour, Jennie}},
  sortyear = {zzz}
}

@article{eilberg-schwartz:1991,
  author = {Eilberg-Schwartz, Howard},
  title = {The Problem of the Body for the People of the Book},
  journaltitle = {Journal of the History of Sexuality},
  volume = {2},
  date = {1991},
  pages = {1-24}
}

@article{schusslerfiorenza:1986,
  author = {Schüssler Fiorenza, Elisabeth},
  title = {A Feminist Critical Interpretation for Liberation: Martha and Mary; Luke 10:38–42},
  journaltitle = {Religion and Intellectual Life},
  shortjournal = {RIL},
  volume = {3},
  date = {1986},
  pages = {21-35}
}

@incollection{trebollebarrera:2013,
  author = {family=Trebolle Barrera, given=Julio, shortfamily=Barrera},
  title = {Agreements between LXX\textsuperscript{BL}, Medieval Hebrew Readings, and Variants of the Aramaic, Syriac and Vulgate Versions in \mkbibemph{Kaige} and Non-\mkbibemph{kaige} Sections of 3–4 Reigns},
  pages = {193-206},
  booktitle = {XIV Congress of the IOSCS: Helsinki, 2010},
  editor = {Peters, Melvin K. H.},
  series = {Septuagint and Cognate Studies},
  shortseries = {SCS},
  number = {59},
  location = {Atlanta},
  publisher = {Society of Biblical Literature},
  date = {2013}
}

@book{hooks:1990,
  author = {family=hooks, given=bell},
  title = {Yearning: Race, Gender, and Cultural Politics},
  location = {Boston},
  publisher = {South End},
  date = {1990}
}

@article{yee:2017,
  author = {Yee, Gale A.},
  title = {\mkbibquote{He Will Take the Best of Your Fields}: Royal Feasts and Rural Extraction},
  journaltitle = {Journal of Biblical Literature},
  shortjournal = {JBL},
  volume = {136},
  date = {2017},
  pages = {821-838}
}

@article{cross:1999,
  author = {Cross, Frank Moore},
  title = {King Hezekiah's Seal Bears Phoenician Imagery},
  journaltitle = {Biblical Archeology Review},
  shortjournal = {BAR},
  volume = {25},
  number = {2},
  date = {1999},
  pages = {42-45, 60}
}

@book{smyth:1956,
  shorthand = {Smyth},
  author = {Smyth, Herbert Weir},
  title = {Greek Grammar},
  editor = {Messing, Gordon M.},
  editortype = {reviser},
  location = {Cambridge},
  publisher = {Harvard University Press},
  date = {1956},
  pagination = {section},
  options = {shorthandformat=roman}
}

@book{smyth:1920,
  author = {Smyth, Herbert Weir},
  title = {A Greek Grammar for Colleges},
  location = {New York},
  publisher = {American Book Company},
  date = {1920},
  pagination = {section}
}

@book{smyth:1916,
  author = {Smyth, Herbert Weir},
  title = {A Greek Grammar for Schools and Colleges},
  location = {New York},
  publisher = {American Book Company},
  date = {1916},
  pagination = {section}
}

@book{fidler:2005,
  author = {Fidler, Ruth},
  title = {\mkbibquote{Dreams Speak Falsely?} Dream Theophanies in the Bible: Their Place in Ancient Israelite Faith and Traditions},
  language = {Hebrew},
  location = {Jerusalem},
  publisher = {Magnes},
  date = {2005}
}

@article{niehoff:1993,
  author = {Niehoff, Maren R.},
  title = {Associative Thinking in Rabbinic Midrash: The Example of Abraham’s and Sarah’s Journey to Egypt},
  language = {Hebrew},
  journaltitle = {Tarbiz},
  volume = {62},
  date = {1993},
  pages = {339–361}
}

@book{taisija:2002,
  author = {Taisija},
  title = {Акафист святому преподобному Симеону Богоприимцу: Творение игум; Таисии Леушинской},
  language = {langrussian},
  translatedtitle = {Akathistos for the Holy Simeon, the God-Receiver: A Work by Abbess Taisija of Leušino},
  location = {Saint Petersburg},
  publisher = {Leušinskoe izdatel’stvo},
  date = {2002},
  options = {nonlatintitle}
}

@incollection{cerenc:1995,
  author = {Cerenc, Grigor},
  title = {Յայլմէ ասացեալ բան վասն խորանաց աւետարանիս},
  translatedtitle = {The Writing of Another One on the Canon-Tables of the Gospel},
  booktitle = {Խորանների մեկնություններ},
  translatedbooktitle = {Commentaries on the Canon Tables},
  editor = {Łazaryan, V.},
  location = {Erevan},
  publisher = {Sargis Xač‘enc‘},
  date = {1995},
  pages = {68-78},
  options = {nonlatintitle, nonlatinbooktitle}
}

@article{havea:1998,
  author = {Havea, Jione},
  title = {Tau lave!},
  translatedtitle = {Let’s Talk},
  journaltitle = {Pacific Journal of Theology},
  shortjournal = {PJT},
  series = {2},
  volume = {20},
  date = {1998},
  pages = {63-73}
}

@incollection{geurts:2017,
  author = {Geurts, Bart},
  title = {Presupposition and Givenness},
  booktitle = {The Oxford Handbook of Pragmatics},
  editor = {Huang, Yan},
  location = {Oxford},
  publisher = {Oxford University Press},
  date = {2017},
  pages = {180-198}
}

@book{VLB:26.2,
  editor = {Gryson, Roger},
  title = {Apocalypsis Johannis},
  series = {Vetus Latina Beuron},
  shortseries = {VLB},
  number = {26.2},
  location = {Freiburg im Breisgau},
  publisher = {Herder},
  date = {2000/2003}
}

@book{VLB:26.2.8,
  editor = {Gryson, Roger},
  title = {Apocalypsis Johannis},
  series = {Vetus Latina Beuron},
  shortseries = {VLB},
  number = {26.2.8},
  location = {Freiburg im Breisgau},
  publisher = {Herder},
  date = {2003}
}

@inproceedings{husek:2010,
  author = {Hušek, Vít},
  title = {Human Freedom according to the Earliest Latin Commentaries on Paul’s Letters},
  series = {Studia Patristica},
  shortseries = {StPatr},
  number = {44},
  date = {2010},
  pages = {385-390}
}

@inproceedings{tkacz:2010,
  author = {Tkacz, Catherine Brown},
  title = {Esther as a Type of Christ and the Jewish Celebration of Purim},
  series = {Studia Patristica},
  shortseries = {StPatr},
  number = {44},
  date = {2010},
  pages = {183-187}
}

@mvbook{KRI,
  shorthand = {KRI},
  author = {Kitchen, K. A.},
  title = {Ramesside Inscriptions, Historical and Biographical},
  volumes = {8},
  location = {Oxford},
  publisher = {Blackwell},
  date = {1969/1990}
}

@mvbook{RITA,
  shorthand = {RITA},
  author = {Kitchen, K. A.},
  title = {Ramesside Inscriptions Translated and Annotated: Translations},
  volumes = {7},
  location = {Oxford and Chichester},
  publisher = {Blackwell and Wiley-Blackwell},
  date = {1993/2014}
}

@mvbook{RITANC,
  shorthand = {RITANC},
  author = {Kitchen, K. A. and Davies, Benedict G.},
  title = {Ramesside Inscriptions Translated and Annotated: Notes and Comments},
  volumes = {4},
  location = {Oxford and Chichester},
  publisher = {Blackwell and Wiley-Blackwell},
  date = {1993/2014}
}

@mvbook{NTApoc,
  shorthand = {NTApoc},
  editor = {Schneemelcher, Wilhelm},
  title = {New Testament Apocrypha},
  editora = {Wilson, Robert McL.},
  editoratype = {English trans.\@ ed\adddot},
  volumes = {2},
  edition = {Rev.\@ ed\adddot},
  location = {Cambridge and Louisville},
  publisher = {Clarke and Westminster John Knox},
  date = {2003}
}

@ancienttext{actsandrew,
  title = {Acts of Andrew},
  xref = {NTApoc},
  volume = {2},
  pages = {101-151}
}

@ancienttext{murfrag,
  title = {Muratorian Fragment},
  shorttitle = {Mur.\@ Frag\adddot},
  translator = {Schneemelcher, Wilhelm},
  xref = {NTApoc},
  volume = {1}
}

@ancienttext{actsjohn,
  title = {Acts John},
  xref = {NTApoc},
  volume = {2}
}

@mvreference{BNP,
  shorthand = {BNP},
  editor = {Cancik, Hubert},
  title = {Brill’s New Pauly: Encyclopaedia of the Ancient World},
  volumes = {22},
  location = {Leiden},
  publisher = {Brill},
  date = {2002/2011}
}

@xdata{BNPonline,
  xref = {BNP},
  url = {http://referenceworks.brillonline.com/browse/brill-s-new-pauly}
}

@inreference{elabbadi:alexandria:history,
  author = {El-Abbadi, Mostafa},
  title = {Alexandria: History},
  xref = {BNP},
  volume = {A1},
  pages = {82-85}
}

@inreference{rupke:corpus:caesarianum,
  author = {Rüpke, Jörg},
  title = {Corpus Caesarianum},
  xdata = {BNPonline}
}

@mvbook{ARAB,
  shorthand = {ARAB},
  author = {Luckenbill, Daniel David},
  title = {Ancient Records of Assyria and Babylonia},
  volumes = {2},
  location = {Chicago},
  publisher = {University of Chicago Press},
  date = {1926/1927},
  pagination = {paragraph}
}

@ancienttext{aulusgellius:noctatt,
  author = {{Aulus Gellius}},
  title = {Noctes attica},
  shorttitle = {Noct.\@ att\adddot}
}

@ancienttext{bellafr,
  title = {Bellum africum},
  shorttitle = {Bell.\@ afr\adddot}
}

@ancienttext{bellalex,
  title = {Bellum alexandrinum},
  shorttitle = {Bell.\@ alex\adddot}
}

@ancienttext{bellhisp,
  title = {Bellum hispaniense},
  shorttitle = {Bell.\@ hisp\adddot}
}

@ancienttext{bion:epitaphadon,
  author = {Bion},
  title = {Epitaphius Adonis},
  shorttitle = {Epitaph.\@ Adon\adddot}
}

@ancienttext{bion:epitaphachil,
  author = {Bion},
  title = {Epithalamium Achillis et Deidameiae},
  shorttitle = {Epith.\@ Achil\adddot}
}

@ancienttext{caesar:bellciv,
  author = {Caesar},
  title = {Bellum civile},
  shorttitle = {Bell.\@ civ.\adddot}
}

@ancienttext{caesar:bellgall,
  author = {Caesar},
  title = {Bellum gallicum},
  shorttitle = {Bell.\@ gall\adddot}
}

@mvcollection{MOTP,
  shorthand = {MOTP},
  editor = {Bauckham, Richard and Davila, James R. and Panayotov, Alexander},
  title = {Old Testament Pseudepigrapha: More Noncanonical Scriptures},
  volumes = {2},
  location = {Grand Rapids},
  publisher = {Eerdmans},
  date = {2013/2025}
}

@ancienttext{apocrseth,
  title = {Apocryphon of Seth},
  shorttitle = {Apocr.\@ Seth},
  translator = {Toepel, Alexander},
  xref = {MOTP},
  volume = {1},
  pages = {33-39}
}

@ancienttext{bknoah,
  title = {Book of Noah},
  shorttitle = {Bk.\@ Noah},
  translator = {Himmelfarb, Martha},
  xref = {MOTP},
  volume = {1},
  pages = {40-46}
}

@mvcollection{OTP,
  shorthand = {OTP},
  editor = {Charlesworth, James H.},
  title = {Old Testament Pseudepigrapha},
  volumes = {2},
  location = {New York},
  publisher = {Doubleday},
  date = {1983/1985}
}

@article{conybeare:1898,
  translator = {Conybeare, F. C.},
  title = {The Testament of Solomon},
  journaltitle = {Jewish Quarterly Review},
  shortjournal = {JQR},
  volume = {11},
  pages = {1-45},
  date = {1898},
  options = {usetranslator}
}

@ancienttext{t.sol.,
  title = {Testament of Solomon},
  shorttitle = {T. Sol\adddot},
  xref = {conybeare:1898}
}

@ancienttext{t.reu.,
  title = {Testament of Reuben},
  shorttitle = {T. Reu\adddot},
  translator = {Kee, H. C.},
  xref = {OTP},
  volume = {1},
  pages = {782-785}
}

@ancienttext{apoc.zeph.,
  title = {Apocalypse of Zephaniah},
  shorttitle = {Apoc.\@ Zeph\adddot},
  translator = {Wintermute, O. S.},
  xref = {OTP},
  volume = {1},
  pages = {508-515}
}

@ancienttext{sib.or.,
  title = {Sibylline Oracles},
  shorttitle = {Sib.\@ Or\adddot},
  translator = {Collins, J. J.},
  xref = {OTP},
  volume = {1},
  pages = {317-472}
}

@ancienttext{ezek.trag.,
  title = {Ezekiel the Tragedian},
  shorttitle = {Ezek.\@ Trag\adddot},
  translator = {Robertson, R. G.},
  xref = {OTP},
  volume = {2},
  pages = {803-820}
}

@ancienttext{jos.asen.,
  title = {Joseph and Aseneth},
  shorttitle = {Jos.\@ Asen\adddot},
  translator = {Burchard, C.},
  xref = {OTP},
  volume = {2},
  pages = {177-248}
}

@mvcollection{APOT,
  shorthand = {APOT},
  editor = {Charles, Robert H.},
  title = {The Apocrypha and Pseudepigrapha of the Old Testament},
  volumes = {2},
  location = {Oxford},
  publisher = {Clarendon},
  date = {1913}
}

@mvcollection{DSSSE,
  shorthand = {DSSSE},
  editor = {García Martínez, Florentino and Tigchelaar, Eibert J. C.},
  title = {The Dead Sea Scrolls Study Edition},
  edition = {2},
  volumes = {2},
  location = {Leiden},
  publisher = {Brill},
  date = {1999}
}

@collection{NHL,
  shorthand = {NHL},
  editor = {Robinson, James M.},
  title = {The Nag Hammadi Library in English},
  edition = {4},
  location = {Leiden},
  publisher = {Brill},
  date = {1996}
}

@collection{NHScr,
  shorthand = {NHScr},
  editor = {Meyer, Marvin},
  title = {The Nag Hammadi Scriptures: The International Edition},
  location = {New York},
  publisher = {HarperOne},
  date = {2007}
}

@mvcollection{TUAT,
  shorthand = {TUAT},
  editor = {Kaiser, Otto and others},
  title = {Texte aus der Umwelt des Alten Testaments},
  location = {Gütersloh and Gütersloher},
  publisher = {Mohn and Verlagshaus},
  date = {1984/},
  langid = {german}
}

@reference{webster11,
  title = {Merriam-Webster’s Collegiate Dictionary},
  edition = {11},
  options = {skipbib}
}

@reference{oxford2,
  title = {Oxford English Dictionary},
  edition = {2},
  options = {skipbib}
}

@reference{OED2,
  shorthand = {OED},
  title = {Oxford English Dictionary},
  edition = {2},
  options = {skipbib}
}

@inseries{lutz:1947,
  author = {Lutz, Cora E.},
  title = {Musonius Rufus: \mkbibquote{The Roman Socrates}},
  series = {Yale Classical Studies},
  shortseries = {YCS},
  date = {1947},
  number = {10},
  pages = {3-147}
}

@ancienttext{musoniusrufus:diatr,
  author = {{Musonius Rufus}},
  title = {Diatribai},
  shorttitle = {Diatr\adddot},
  translator = {Lutz},
  xref = {lutz:1947}
}

@ancienttext{musoniusrufusfrag:abbrev,
  author = {{Musonius Rufus}},
  title = {\textup{fragment(s)}},
  shorttitle = {\textup{frag(s)\adddot}},
  sorttitle = {frag(s)\adddot}
}

@ancienttext{musoniusrufus:frag,
  author = {{Musonius Rufus}},
  title = {\bibhyperlink{shorttitle:\detokenize{\textup{frag(s)\adddot}}}{\textup{\iffieldnum{titleaddon}{\bibstring{fragment}}{\bibstring{fragments}}}}},
  sorttitle = {frag(s)\adddot},
  translator = {Lutz},
  xref = {lutz:1947},
  options = {skipbiblist},
  execute = {\nocite{musoniusrufusfrag:abbrev}}
}

@mvreference{DBI,
  shorthand = {DBI},
  editor = {Hayes, John},
  title = {Dictionary of Biblical Interpretation},
  volumes = {2},
  location = {Nashville},
  publisher = {Abingdon},
  date = {1999}
}

@inreference{tiroshsamuelson:kabbalah,
  author = {Tirosh-Samuelson, Hava},
  title = {Kabbalah},
  xref = {DBI},
  volume = {2},
  pages = {1-7}
}

@reference{DDD,
  shorthand = {DDD},
  editor = {van der Toorn, Karel and Becking, Bob and van der Horst, Pieter},
  title = {Dictionary of Deities and Demons in the Bible},
  edition = {2},
  location = {Leiden and Grand Rapids},
  publisher = {Brill and Eerdmans},
  date = {1999}
}

@inreference{assmann:amun,
  author = {Assmann, Jan},
  title = {Amun},
  xref = {DDD},
  pages = {28-32}
}

@reference{DJG,
  shorthand = {DJG},
  editor = {Green, Joel B. and McKnight, Scot},
  title = {Dictionary of Jesus and the Gospels},
  location = {Downers Grove, IL},
  publisher = {InterVarsity Press},
  date = {1992}
}

@inreference{wise:languagespalestine,
  author = {Wise, Michael O},
  title = {Languages of Palestine},
  xref ={DJG},
  pages = {434-443}
}

@reference{DLNT,
  shorthand = {DLNT},
  editor = {Martin, Ralph P. and Davids, Peter H.},
  title = {Dictionary of the Later New Testament and Its Developments},
  location = {Downers Grove, IL},
  publisher = {InterVarsity Press},
  date = {1997}
}

@reference{DNTB,
  shorthand = {DNTB},
  editor = {Evans, Craig A. and Porter, Stanley E. Porter},
  title = {Dictionary of New Testament Background},
  location = {Downers Grove, IL},
  publisher = {InterVarsity Press},
  date = {2000}
}

@reference{DOTHB,
  shorthand = {DOTHB},
  editor = {Arnold, Bill T. and Williamson, H. G. M.},
  title = {Dictionary of the Old Testament: Historical Books},
  location = {Downers Grove, IL},
  publisher = {InterVarsity Press},
  date = {2005}
}

@reference{DPL,
  shorthand = {DPL},
  editor = {Hawthorne, Gerald F. and Martin, Ralph P.},
  title = {Dictionary of Paul and His Letters},
  location = {Downers Grove, IL},
  publisher = {InterVarsity Press},
  date = {1993}
}

@mvreference{EBR,
  shorthand = {EBR},
  editor = {Klauck, Hans-Josef and others},
  title = {Encyclopedia of the Bible and Its Reception},
  location = {Berlin},
  publisher = {de Gruyter},
  date = {2009/}
}

@inreference{crawford:genesisiii,
  author = {Crawford, Sidnie White},
  title = {Genesis: III. Judaism A. Second Temple and Hellenistic Judaism},
  xref = {EBR},
  volume = {9},
  pages = {1156-1160}
}

@reference{EDB,
  shorthand = {EDB},
  editor = {Freedman, David Noel},
  title = {Eerdmans Dictionary of the Bible},
  location = {Grand Rapids},
  publisher = {Eerdmans},
  date = {2000},
  pagination = {subverbo}
}

@inreference{dever:abel,
  author = {Dever, William G.},
  title = {Abel-Beth-Maacah},
  xref = {EDB},
  pages = {3-4}
}

@mvreference{EncJud,
  shorthand = {EncJud},
  editor = {Skolnik, Fred and Berenbaum, Michael},
  title = {Encyclopedia Judaica},
  edition = {2},
  volumes = {22},
  location = {Detroit},
  publisher = {Macmillan Reference USA},
  date = {2007}
}

@inreference{stone:isaactest,
  author = {Stone, Michael E.},
  title = {Isaac, Testament Of},
  xref = {EncJud},
  volume = {10},
  pages = {36}
}

@reference{HWBI,
  shorthand = {HWBI},
  editor = {Taylor, Marion Ann},
  title = {Handbook of Women Biblical Interpreters},
  location = {Grand Rapids},
  publisher = {Baker Academic},
  date = {2012}
}

@inreference{popelevison:truth,
  author = {Pope-Levison, Priscilla},
  title = {Truth, Sojouner},
  xref ={HWBI},
  pages = {509-511}
}

@reference{IDBSup,
  shorthand = {IDBSup},
  author = {Crim, Keith},
  title = {Interpreter’s Dictionary of the Bible: Supplementary Volume},
  location = {Nashville},
  publisher = {Abingdon},
  date = {1976},
  pagination = {subverbo}
}

@inreference{sperling:mount,
  author = {Sperling, David},
  title = {Mount, Mountain},
  xref = {IDBSup},
  pages = {608-609}
}

@mvreference{JE,
  shorthand = {JE},
  editor = {Singer, Isidore},
  title = {The Jewish Encyclopedia},
  volumes = {12},
  location = {New York},
  publisher = {Funk \& Wagnalls},
  date = {1901/1906}
}

@inreference{jacobs:typography,
  author = {Jacobs, Joseph},
  title = {Typography},
  xref = {JE},
  volume = {12},
  pages = {295-335}
}

@mvreference{NEAEHL,
  shorthand = {NEAEHL},
  editor = {Stern, Ephraim},
  title = {The New Encyclopedia of Archaeological Excavations in the Holy Land},
  volumes = {4},
  location = {Jerusalem and New York},
  publisher = {{Israel Exploration Society and Carta} and Simon \& Schuster},
  date = {1993}
}

@inreference{negev:petra,
  author = {Negev, Abraham},
  title = {Petra},
  xref = {NEAEHL},
  volume = {4},
  pages = {1181-1193}
}

@inreference{dothan+dunayevsky:qasiletell,
  author = {Dothan, Trude and Dunayevsky, Imanuel},
  title = {Qasile, Tell: Excavations in Area A},
  xref = {NEAEHL},
  volume = {4},
  pages = {1204-1207}
}

@inreference{reich+shukron:jerusalem,
  author = {Reich, Ronny and Shukron, Eli},
  title = {Jerusalem: The Gihon Spring and Eastern Slope of the City of David},
  xref = {NEAEHL},
  volume = {5},
  pages = {1801-1807}
}

@reference{OCD,
  shorthand = {OCD},
  editor = {Hornblower, Simon and Spawforth, Antony},
  title = {Oxford Classical Dictionary},
  edition = {4},
  location = {Oxford},
  publisher = {Oxford University Press},
  date = {2012}
}

@inreference{taylor:protogoras,
  author = {Taylor, Christopher C. W.},
  title = {Protagoras},
  xref = {OCD},
  pages = {1227-1228}
}

@reference{ODCC,
  shorthand = {ODCC},
  editor = {Cross, F. L. and Livingston, E. A.},
  title = {The Oxford Dictionary of the Christian Church},
  edition = {3},
  location = {Oxford},
  publisher = {Oxford University Press},
  date = {2005},
  pagination = {subverbo}
}

@mvreference{OEANE,
  shorthand = {OEANE},
  editor = {Meyers, Eric M.},
  title = {The Oxford Encyclopedia of Archaeology in the Near East},
  volumes = {5},
  location = {New York},
  publisher = {Oxford University Press},
  date = {1997}
}

@inreference{pitard:aleppo,
  author = {Pitard, Wayne T.},
  title = {Aleppo},
  xref = {OEANE},
  volume = {1},
  pages = {63-65}
}

@reference{RGG,
  shorthand = {RGG},
  editor = {Betz, Hans Dieter and others},
  title = {Religion in Geschichte und Gegenwart},
  edition = {4},
  location = {Tübingen},
  publisher = {Mohr Siebeck},
  date = {1998/2007},
  langid = {german}
}

@mvreference{RlA,
  shorthand = {RlA},
  editor = {Ebeling, Erich and others},
  title = {Reallexikon der Assyriologie},
  location = {Berlin},
  publisher = {de Gruyter},
  date = {1928/},
  langid = {german}
}

@inreference{westbrook:mitgift,
  author = {Westbrook, Raymond},
  title = {Mitgift},
  xref = {RlA},
  volume = {8},
  pages = {273-283}
}

@mvreference{RPP,
  shorthand = {RPP},
  editor = {Betz, Hans Dieter and others},
  title = {Religion Past and Present: Encyclopedia of Theology and Religion},
  volumes = {14},
  location = {Leiden},
  publisher = {Brill},
  date = {2007/2013}
}

@inreference{wandrey:ascension,
  author = {Wandrey, Irina},
  title = {Ascension and Martyrdom of Isaiah},
  xref = {RPP},
  volume = {1},
  pages = {428}
}

@inreference{blum:abraham,
  author = {Blum, Erhard},
  title = {Abraham: Old Testament},
  xref = {RPP},
  volume = {1},
  pages = {11-13}
}

@mvreference{TRE,
  shorthand = {TRE},
  editor = {Krause, Gerhard and Müller, Gerhard},
  title = {Theologische Realenzyklopädie},
  volumes = {36},
  location = {Berlin},
  publisher = {de Gruyter},
  date = {1976/2004},
  langid = {german}
}

@inreference{albertz:magie,
  author = {Albertz, Rainer},
  title = {Magie: Altes Testament},
  xref = {TRE},
  volume = {21},
  pages = {691-695},
  langid = {german}
}

@mvreference{TLOT,
  shorthand = {TLOT},
  editor = {Jenni, Ernst and Westermann, Claus},
  title = {Theological Lexicon of the Old Testament},
  translator = {Biddle, Mark E.},
  volumes = {3},
  location = {Peabody, MA},
  publisher = {Hendrickson},
  date = {1997}
}

@inreference{jenni:lbs,
  author = {Jenni, Ernst},
  title = {לבשׁ},
  xref = {TLOT},
  volume = {2},
  pages = {642-644}
}

@inreference{martin-achard:anh,
  author = {Martin-Achard, Robert},
  title = {ענה II},
  xref = {TLOT},
  volume = {2},
  pages = {931-937}
}

@inreference{westermann+albertz:glh,
  author = {Westermann, Claus and Albertz, Rainer},
  title = {גלה},
  xref = {TLOT},
  volume = {1},
  pages = {314-320}
}

@mvreference{EDNT,
  shorthand = {EDNT},
  editor = {Balz, Horst and Schneider, Gerhard},
  title = {Exegetical Dictionary of the New Testament},
  volumes = {3},
  location = {Grand Rapids},
  publisher = {Eerdmans},
  date = {1990/1993},
  pagination = {subverbo}
}

@inreference{lattke:kakia,
  author = {Lattke, Michael},
  title = {κακία},
  xref = {EDNT},
  volume = {2},
  pages = {237}
}

@mvreference{NIDNTTE,
  shorthand = {NIDNTTE},
  editor = {Silva, Moisés},
  title = {New International Dictionary of New Testament Theology and Exegesis},
  edition = {2},
  volumes = {5},
  location = {Grand Rapids},
  publisher = {Zondervan},
  date = {2014}
}

@inreference{silva:arche,
  author = {Silva, Moisés},
  title = {ἀρχή},
  xref = {NIDNTTE},
  volume = {1},
  pages = {412-418}
}

@mvreference{NIDOTTE,
  shorthand = {NIDOTTE},
  editor = {VanGemeren, Willem A.},
  title = {New International Dictionary of Old Testament Theology and Exegesis},
  volumes = {5},
  location = {Grand Rapids},
  publisher = {Zondervan},
  date = {1997}
}

@inreference{hadley:alyl,
  author = {Hadley, Judith M.},
  title = {אֱלִיל},
  xref = {NIDOTTE},
  volume = {1},
  pages = {411}
}

@inreference{johnston:bth+bta,
  author = {Johnston, Gordon H.},
  title = {בטה/בטא},
  xref = {NIDOTTE},
  volume = {1},
  pages = {642-644}
}

@mvreference{TDOT,
  shorthand = {TDOT},
  editor = {Botterweck, G. Johannes and Ringgren, Helmer and Fabry, Heinz-Josef},
  title = {Theological Dictionary of the Old Testament},
  translator = {Willis, John T.},
  volumes = {15},
  location = {Grand Rapids},
  publisher = {Eerdmans},
  date = {1974/2006}
}

@inreference{ringgren:znh,
  author = {Ringgren, Helmer},
  title = {זָנַח},
  xref = {TDOT},
  volume = {4},
  pages = {105-106}
}

@inreference{hamp+botterweck:dyn,
  author = {Hamp, Vinzenz and Botterweck, G. Johannes},
  title = {דִּין},
  xref = {TDOT},
  volume = {3},
  pages = {187-194}
}

@mvreference{THAT,
  shorthand = {THAT},
  editor = {Jenni, Ernst},
  witheditor = {Westermann, Claus},
  witheditortype = {withassistance},
  title = {Theologisches Handwörterbuch zum Alten Testament},
  volumes = {2},
  location = {Munich and Zürich},
  publisher = {Kaiser and Theologischer Verlag},
  date = {1971/1976},
  langid = {german}
}

@mvreference{ThWAT,
  shorthand = {ThWAT},
  editor = {Botterweck, G. Johannes and Ringgren, Helmer and Fabry, Heinz-Josef},
  title = {Theologisches Wörterbuch zum Alten Testament},
  volumes = {10},
  location = {Stuttgart},
  publisher = {Kohlhammer},
  date = {1970/2000},
  langid = {german}
}

@reference{TWNT,
  shorthand = {TWNT},
  editor = {Kittel, Gerhard and Friedrich, Gerhard},
  title = {Theologische Wörterbuch zum Neuen Testament},
  location = {Stuttgart},
  publisher = {Kohlhammer},
  date = {1932/1979},
  langid = {german}
}

@mvreference{TWOT,
  shorthand = {TWOT},
  editor = {Harris, R. Laird and Archer, Jr., Gleason L. and Waltke, Bruce K.},
  title = { Theological Wordbook of the Old Testament},
  volumes = {2},
  location = {Chicago},
  publisher = {Moody Press},
  date = {1980}
}

@inreference{hartley:qvh,
  author = {Hartley, John E.},
  title = {קָוָה},
  xref = {TWOT},
  volume = {2},
  pages = {791-792}
}

@reference{BAG,
  shorthand = {BAG},
  author = {Bauer, Walter and Arndt, William F. and Gingrich, F. Wilbur},
  title = {Greek-English Lexicon of the New Testament and Other Early Christian Literature},
  location = {Chicago},
  publisher = {University of Chicago Press},
  date = {1957},
  options = {shorthandformat=roman},
  pagination = {subverbo}
}

@reference{BAGD,
  shorthand = {BAGD},
  author = {Bauer, Walter and Arndt, William F. and Gingrich, F. Wilbur and Danker, Frederick W.},
  title = {Greek-English Lexicon of the New Testament and Other Early Christian Literature},
  edition = {2},
  location = {Chicago},
  publisher = {University of Chicago Press},
  date = {1979},
  options = {shorthandformat=roman},
  pagination = {subverbo}
}

@reference{BDAG,
  shorthand = {BDAG},
  author = {Danker, Frederick W. and Bauer, Walter and Arndt, William F. and Gingrich, F. Wilbur},
  title = {Greek-English Lexicon of the New Testament and Other Early Christian Literature},
  edition = {3},
  location = {Chicago},
  publisher = {University of Chicago Press},
  date = {2000},
  options = {shorthandformat=roman},
  pagination = {subverbo}
}

@reference{BDB,
  shorthand = {BDB},
  author = {Brown, Francis and Driver, S. R. and Briggs, Charles A.},
  title = {A Hebrew and English Lexicon of the Old Testament},
  location = {Oxford},
  publisher = {Clarendon},
  date = {1907},
  options = {shorthandformat=roman},
  pagination = {subverbo}
}

@reference{CDME,
  shorthand = {CDME},
  author = {Faulkner, Raymond O.},
  title = {A Concise Dictionary of Middle Egyptian},
  location = {Oxford},
  publisher = {Griffith Institute},
  date = {1962},
  pagination = {subverbo}
}

@mvreference{CHD,
  shorthand = {CHD},
  editor = {Güterbock, Hans G. and Hoffner, Jr., Harry A. and van den Hout, Theo P. J.},
  title = {The Hittite Dictionary of the Oriental Institute of the University of Chicago},
  location = {Chicago},
  publisher = {The Oriental Institute of the University of Chicago},
  date = {1980/},
  pagination = {subverbo}
}

@mvreference{DCH,
  shorthand = {DCH},
  editor = {Clines, David J. A.},
  title = {Dictionary of Classical Hebrew},
  volumes = {9},
  location = {Sheffield},
  publisher = {Sheffield Phoenix},
  date = {1993/2016},
  pagination = {subverbo}
}

@mvreference{DNWSI,
  shorthand = {DNWSI},
  author = {Hoftijzer, Jacob and Jongeling, Karen},
  title = {Dictionary of the North-West Semitic Inscriptions},
  volumes = {2},
  location = {Leiden},
  publisher = {Brill},
  date = {1995},
  pagination = {subverbo}
}

@mvreference{DULAT,
  shorthand = {DULAT},
  author = {del Olmo Lete, Gregorio and Sanmartín, Joaquín},
  title = {A Dictionary of the Ugaritic Language in the Alphabetic Tradition},
  translator = {Watson, W. G. E.},
  editor = {Watson, W. G. E.},
  edition = {3},
  volumes = {2},
  location = {Leiden},
  publisher = {Brill},
  date = {2015},
  pagination = {subverbo}
}

@reference{GELS,
  shorthand = {GELS},
  author = {Muraoka, Takamitsu},
  title = {A Greek-English Lexicon of the Septuagint},
  location = {Leuven},
  publisher = {Peeters},
  date = {2009},
  pagination = {subverbo}
}

@reference{HAL,
  shorthand = {HAL},
  author = {Koehler, Ludwig and Baumgartner, Walter and Stamm, Johann J.},
  title = {Hebräisches und aramäisches Lexicon zum Alten Testament},
  edition = {3},
  location = {Leiden},
  publisher = {Brill},
  year = {1995, 2004},
  sortyear = {1995},
  pagination = {subverbo},
  langid = {german}
}

@mvreference{HALOT,
  shorthand = {HALOT},
  author = {Koehler, Ludwig and Baumgartner, Walter and Stamm, Johann J.},
  title = {The Hebrew and Aramaic Lexicon of the Old Testament},
  shorttitle = {HALOT},
  editor = {Richardson, Mervyn E. J.},
  editortype = {Translated and edited under the supervision of},
  volumes = {2},
  location = {Leiden},
  publisher = {Brill},
  date = {2001},
  pagination = {subverbo}
}

@reference{HED,
  shorthand = {HED},
  author = {Puhvel, Jaan},
  title = {Hittite Etymological Dictionary},
  location = {Berlin},
  publisher = {Mouton},
  date = {1984/},
  pagination = {subverbo}
}

@reference{Jastrow,
  shorthand = {Jastrow},
  editor = {Jastrow, Morris},
  editortype = {compiler},
  title = {A Dictionary of the Targumim, the Talmud Babli and Yerushalmi, and the Midrashic Literature with an Index of Scriptural Quotations},
  location = {London and New York},
  publisher = {Luzac and G. P. Putnam’s Sons},
  date = {1903},
  pagination = {subverbo},
  options = {shorthandformat=roman}
}

@reference{KBL,
  shorthand = {KBL},
  author = {Koehler, Ludwig and Baumgartner, Walter},
  title = {Lexicon in Veteris Testamenti libros},
  edition = {2},
  location = {Leiden},
  publisher = {Brill},
  date = {1958},
  pagination = {subverbo},
  options = {shorthandformat=roman},
  langid = {latin}
}

@mvreference{Lane,
  shorthand = {Lane},
  author = {Lane, Edward W.},
  title = {An Arabic-English Lexicon},
  volumes = {8},
  origlocation = {London},
  origpublisher = {Williams \& Norgate},
  origdate = {1863},
  location = {Beirut},
  publisher = {Libr.\@ du Liban},
  date = {1980},
  pagination = {subverbo},
  options = {shorthandformat=roman}
}

@reference{LEH,
  shorthand = {LEH},
  editor = {Lust, Johan and Eynikel, Erik and Hauspie, Katrin},
  title = {Greek-English Lexicon of the Septuagint},
  edition = {Rev\adddot},
  location = {Stuttgart},
  publisher = {Deutsche Bibelgesellschaft},
  date = {2003},
  pagination = {subverbo},
  options = {shorthandformat=roman}
}

@reference{LexSyr,
  shorthand = {LexSyr},
  author = {Brockelmann, Carl},
  title = {Lexicon Syriacum},
  edition = {2},
  location = {Halle},
  publisher = {Niemeyer},
  date = {1928},
  pagination = {subverbo}
}

@reference{LS,
  shorthand = {LS},
  author = {Liddell, Henry George and Scott, Robert},
  title = {An Intermediate Greek-English Lexicon: Founded upon the Seventh Edition of Liddell and Scott’s Greek-English Lexicon},
  location = {New York},
  publisher = {Harper \& Brothers},
  date = {1889},
  pagination = {subverbo},
  options = {shorthandformat=roman}
}

@reference{LSJ,
  shorthand = {LSJ},
  author = {Liddell, Henry George and Scott, Robert and Jones, Henry Stuart},
  title = {A Greek-English Lexicon},
  edition = {\mkbibordinal{9} \bibsstring{edition} with revised supplement},
  location = {Oxford},
  publisher = {Clarendon},
  date = {1996},
  pagination = {subverbo},
  options = {shorthandformat=roman}
}

@reference{OLD,
  shorthand = {OLD},
  editor = {Glare, P. G. W.},
  title = {Oxford Latin Dictionary},
  location = {Oxford},
  publisher = {Clarendon},
  date = {1982},
  pagination = {subverbo}
}

@reference{PGL,
  shorthand = {PGL},
  editor = {Lampe, Geoffrey W. H.},
  title = {Patristic Greek Lexicon},
  location = {Oxford},
  publisher = {Clarendon},
  date = {1961},
  pagination = {subverbo}
}

@reference{SyrLex,
  shorthand = {SyrLex},
  author = {Sokoloff, Michael},
  title = {A Syriac Lexicon: A Translation from the Latin, Correction, Expansion, and Update of C.~Brockelmann’s Lexicon Syriacum},
  location = {Winona Lake, IN and Piscataway, NJ},
  publisher = {Eisenbrauns and Gorgias},
  date = {2009},
  pagination = {subverbo}
}

@mvreference{WAS,
  shorthand = {WÄS},
  author = {Erman, Adolf and Hermann Grapow},
  title = {Wörterbuch der ägyptischen Sprache},
  volumes = {5},
  location = {Leipzig and Berlin},
  publisher = {Hinrichs and Akademie},
  date = {1926/1931},
  pagination = {subverbo}
}

@collection{calduch-benages+vermeylen:1999,
  editor = {Calduch-Benages, Núria and Vermeylen Jacques},
  title = {Treasures of Wisdom: Studies in Ben Sira and the Book of Wisdom; Festschrift M. Gilbert},
  series = {Bibliotheca Ephemeridum Theologicarum Lovaniensium},
  shortseries = {BETL},
  number = {143},
  location = {Leuven},
  publisher = {Leuven University Press},
  date = {1999}
}

@collection{campbell+hartin:2016,
  editor = {Campbell, Joan Cecelia and Hartin, P. J.},
  title = {Exploring Biblical Kinship: Festschrift in Honor of John J. Pilch},
  series = {Catholic Biblical Quarterly Monograph Series},
  shortseries = {CBQMS},
  number = {55},
  location = {Washington, DC},
  publisher = {The Catholic Biblical Association of America},
  date = {2016}
}

@collection{kuntzmann:1995,
  editor = {Kuntzmann, Raymond},
  title = {Ce dieu qui vient: Études sur l’Ancien et le Nouveau Testament offertes au professeur Bernard Renaud à l’occasion de son soixante-cinquième anniversaire},
  series = {Lectio Divina},
  shortseries = {LD},
  number = {159},
  location = {Paris},
  publisher = {Cerf},
  date = {1995},
  langid = {french}
}

@collection{hogan+etal:2017,
  editor = {Hogan, Karina Martin and Goff, Matthew and Wasserman, Emma},
  title = {Pedagogy in Ancient Judaism and Early Christianity},
  series = {Early Judaism and Its Literature},
  shortseries = {EJL},
  number = {41},
  location = {Atlanta},
  publisher = {SBL Press},
  date = {2017}
}

@book{young:1880,
  author = {Young, Robert},
  title = {Analytical Concordance to the Bible on an Entirely New Plan: Containing Every Word in Alphabetical Order, Arranged under Its Hebrew or Greek Original\bibellipsis},
  location = {New York},
  publisher = {American Book Exchange},
  date = {1880}
}

@article{barone:2017,
  author = {Barone, Joshua},
  title = {Met Museum Makes 375,000 Images Free},
  journaltitle = {New York Times},
  date = {2017-02-07},
  url = {http://tinyurl.com/h6z4ob7}
}

@ancienttext{nicolaus:prog,
  author = {Nicolaus},
  title = {Progymnasmata},
  shorttitle = {Prog\adddot},
  xref = {felten}
}

@ancienttext{aphthonius:prog,
  author = {Aphthonius},
  title = {Progymnasmata},
  shorttitle = {Prog\adddot},
  xref = {rabe}
}

@ancienttext{theon:prog,
  author = {Theon},
  title = {Progymnasmata},
  shorttitle = {Prog\adddot},
  xref = {spengel}
}

@ancienttext{libanius:prog,
  author = {Libanius},
  title = {Progymnasmata},
  shorttitle = {Prog\adddot},
  xref = {foerster}
}

@book{felten,
  shorthand = {Felten},
  editor = {Felten, Joseph},
  title = {Nicolai Progymnasmata},
  location = {Leipzig},
  publisher = {Teubner},
  date = {1913},
  options = {shorthandformat=roman}
}

@book{foerster,
  shorthand = {Foerster},
  editor = {Foerster, Richard},
  title = {Progymnasmata, Argumenta orationum Demosthenicarum},
  volume = {8},
  maintitle = {Libanii Opera},
  location = {Leipzig},
  publisher = {Teubner},
  date = {1915},
  options = {shorthandformat=roman}
}

@book{gibson,
  shorthand = {Gibson},
  author = {Gibson, Craig A.},
  title = {Libanius's Progymnasmata: Model Exercises in Greek Prose Composition and Rhetoric},
  series = {Writings from the Greco-Roman World},
  shortseries = {WGRW},
  number = {27},
  location = {Atlanta},
  publisher = {Society of Biblical Literature},
  date = {2008},
  options = {shorthandformat=roman}
}

@book{kennedy:2003,
  author = {Kennedy, George A.},
  title = {Progymnasmata: Greek Textbooks of Prose Composition and Rhetoric},
  series = {Writings from the Greco-Roman World},
  shortseries = {WGRW},
  number = {10},
  location = {Atlanta},
  publisher = {Society of Biblical Literature},
  date = {2003},
  options = {shorthandformat=roman}
}

@book{patillonandbolognesi,
  shorthand = {Patillon and Bolognesi},
  editor = {Patillon, Michel and Bolognesi, Giancarlo},
  title = {Aelius Théon: Progymnasmata},
  edition = {Edition Budé},
  location = {Paris},
  publisher = {Belles Lettres},
  date = {1997},
  options = {shorthandformat=roman},
  langid = {fr}
}

@book{rabe:1913,
  shorthand = {Rabe},
  editor = {Rabe, Hugo},
  title = {Hermogenis Opera},
  location = {Leipzig},
  publisher = {Teubner},
  date = {1913},
  options = {shorthandformat=roman}
}


@book{rabe,
  shorthand = {Rabe},
  editor = {Rabe, Hugo},
  title = {Aphthonii Progymnasmata},
  location = {Leipzig},
  publisher = {Teubner},
  date = {1926},
  options = {shorthandformat=roman}
}

@book{spengel,
  shorthand = {Spengel},
  author = {von Spengel, Leonhard},
  title = {Rhetores Graeci},
  volumes = {3},
  location = {Leipzig},
  publisher = {Teubner},
  date = {1853/1856},
  options = {shorthandformat=roman}
}

@inreference{russell:2003,
  author = {Russell, Donald A.},
  title = {Progymnasmata},
  pages = {1253},
  booktitle = {The Oxford Classical Dictionary},
  editor = {Hornblower, Simon and Spawforth, Antony},
  edition = {3},
  location = {Oxford},
  publisher = {Oxford University Press},
  date = {2003}
}

@mvcollection{FGrHist,
  shorthand = {FGrHist},
  editor = {Jacoby, Felix},
  title = {Die Fragmente der griechischen Historiker},
  location = {Leiden},
  publisher = {Brill},
  date = {1954/1964},
  pagination = {author}
}

@book{neusner:1998,
  author = {Neusner, Jacob},
  title = {Sifré Numbers},
  parts = {4},
  volume = {12},
  maintitle = {The Components of the Rabbinic Documents: From the Whole to the Parts},
  series = {South Florida Academic Commentary Series},
  number = {104-107},
  location = {Atlanta},
  publisher = {Scholars Press},
  date = {1998}
}

@book{boase+frechette:2016,
  author = {Boase, Elizabeth and Frechette, Christopher G.},
  title = {Bible through the Lens of Trauma},
  series = {Semeia Studies},
  shortseries = {SemeiaSt},
  number = {86},
  location = {Atlanta},
  publisher = {SBL Press},
  date = {2016}
}

@book{finkelstein+mazar:2007,
  author = {Finkelstein, Israel and Mazar, Amihai},
  title = {The Quest for the Historical Israel: Debating Archaeology and the History of Early Israel},
  editor = {Schmidt, Brian B.},
  series = {Archaeology and Biblical Studies},
  shortseries = {ABS},
  number = {17},
  location = {Atlanta},
  publisher = {Society of Biblical Literature},
  date = {2007}
}
